2768 4658
609 335 818 407 -49-,-

168 492 333 559 ἀλλάλαισι
354 497 403 562 Br.
427 498 543 570 Herm,
566 493 704 584 ιολμαρὲ
728 499 830 573 Wak„
860 495 998 583 σάμερον
1019 502 1127 565 Herm.
1171 504 1259 579 Quos
1349 558 1352 561 ,

168 601 350 682 sequendos
373 599 480 661 censui
504 617 567 659 non
590 599 703 675 solum,
727 602 812 681 quod
835 602 989 682 quaedam
1009 624 1047 666 ex
1069 604 1131 666 illis
1154 615 1259 673 mula-

165 700 305 761 'liouihus
325 700 392 782 jam
414 700 577 762 codicibus
600 700 824 762 confirmantur
846 704 935 784 (uam
956 703 1004 764 his
1033 725 1097 766 non
1127 707 1259 768 multum

109 867 111 871 ,
169 801 297 881 tribuo),
321 803 377 871 sed
401 804 495 864 etiam
519 802 603 884 quod
626 802 657 861 in
679 802 805 865 Bioneis
827 805 912 883 apud
935 803 1105 867 Stobaeum
1127 808 1258 870 servatis

167 901 262 984 liujus
284 901 411 964 lonismi
435 905 485 967 vix
509 905 574 964 ulla
597 902 726 982 vestigia
747 904 961 984 reperiuntur.
982 907 1122 990 Reliqui
1143 917 1257 981 aulem,

167 1003 335 1085 inquibus
358 1003 429 1065 libri
451 1003 651 1066 consentiunt
672 1001 757 1084 ἔπτη,
778 999 903 1085 aprinum
932 1001 1040 1089 μηρός,
1070 1017 1133 1070 ium
1165 1005 1257 1090 ἀλλή-

166 1107 246 1184 λῃσι,
270 1123 449 1188 quanquam
462 1106 590 1189 quidam
604 1107 675 1167 libri
688 1102 853 1186 ἀλλήλαισι
871 1116 902 1169 31
926 1103 1076 1188 ἀλλήλῃσι
1086 1111 1256 1194 praehenl;

167 1225 247 1288 quas
269 1208 409 1270 rationes
431 1209 462 1269 iu
492 1226 528 1270 33
557 1228 592 1268 re
632 1217 756 1271 secutus
786 1210 861 1284 sim,
901 1209 963 1270 hoo
992 1210 1064 1272 loeo
1095 1231 1256 1292 exponere

168 1306 298 1390 longum
320 1317 375 1374 est.
686 1379 690 1385 ¹

249 1411 413 1472 Postremo
437 1412 475 1472 de
498 1411 605 1473 formis
626 1412 846 1493 hyperdoriois
873 1412 1055 1487 dicendum,
1084 1433 1148 1495 quo
1177 1435 1257 1496 per-

167 1510 267 1571 liueut
288 1508 413 1591 praeter
436 1507 576 1591 σιάθεα,
608 1513 694 1594 quod
722 1533 818 1593 quum
841 1512 993 1574 Ameisius
1016 1514 1169 1576 librorum
1193 1536 1254 1597 ope

166 1617 251 1688 reete
287 1611 474 1692 expulisset,
507 1612 667 1674 revocavit
703 1612 916 1674 Hermannus:
957 1614 1089 1698 φίλασον
1119 1618 1170 1680 45.
1203 1619 1253 1682 46.

166 1709 325 1796 (ἐφίλασεν
350 1713 397 1776 14.
420 1714 450 1773 13
474 1733 502 1774 v.
525 1714 638 1795 spon),
660 1715 831 1798 pilupui2
854 1714 922 1798 (ubi
946 1715 1101 1781 eddveti.
1121 1719 1268 1802 (piique)a

138 1815 217 1943 'lu
232 1817 282 1876 49.
299 1823 330 1876 et
345 1814 376 1874 in
395 1837 422 1877 v.
437 1835 520 1895 spur.
535 1817 594 1892 13„
614 1811 791 1899 τριπόθατε
808 1818 858 1881 58.
882 1817 1032 1879 Vooalem
1048 1826 1068 1879 ᾶ
1087 1819 1117 1878 13
1139 1821 1253 1883 talibus

167 2015 272 2080 1481.
287 2014 317 2096 p.
331 2016 382 2082 85.
404 2017 569 2080 Librorum
585 2039 661 2083 vero
680 2016 829 2081 delerio'ri
846 2019 964 2097 generi,
982 2019 1015 2082 in
1029 2041 1093 2102 quo
1107 2021 1175 2082 solo
1190 2021 1253 2084 hoc

165 2135 291 2179 carmen
315 2126 489 2195 servatum,
514 2140 606 2201 quarn
630 2123 662 2180 in
687 2141 724 2183 ea
747 2140 781 2182 re
804 2119 884 2182 fides
907 2120 1020 2182 haberi
1048 2141 1112 2182 non
1142 2123 1251 2202 possit,
1288 2151 1289 2154 ¹

163 2217 237 2279 iude
260 2218 427 2298 intelligas,
452 2222 539 2302 quod
560 2221 655 2282 iidem
667 2220 835 2281 Theocrito
848 2221 930 2281 adeo
954 2221 984 2280 iu
1002 2221 1049 2281 Id.
1064 2223 1252 2284 xv1.xvl1.

164 2317 237 2378 13113
267 2318 488 2395 obtruserunt,
518 2320 603 2395 XVI,
635 2321 674 2385 13
697 2316 838 2405 φιλάσει,
859 2321 909 2382 87.
932 2316 1147 2403 ἀριθμαιοὺς,
1169 2323 1251 2396 XVI,

163 2419 213 2490 39,
245 2416 403 2503 ἐφίλασεν.
435 2421 484 2484 74.
521 2418 653 2507 φιλάσῃ,
682 2442 763 2506 quae
790 2423 962 2483 seeundum
993 2423 1130 2505 optimos
1152 2423 1251 2486 libros
1302 2416 1312 2434 ⁶

162 2516 316 2582 Ameisius
338 2524 485 2600 correxit,
508 2525 567 2586 nisi
591 2525 677 2606 quod
694 2518 894 2610 ἅριθματοὺς
911 2525 1047 2608 reliquit,
1070 2544 1250 2607 quanquam

162 2630 193 2684 et
214 2621 265 2683 lrio
279 2622 351 2685 ‘duo
374 2623 483 2704 oplimi
507 2627 633 2688 codices
655 2646 674 2704 η
697 2635 832 2688 tuentur.
862 2626 970 2708 Neque
992 2628 1048 2688 illa
1070 2644 1087 2686 3
1109 2626 1249 2708 reliquiis

161 2725 246 2803 apud
269 2723 439 2785 Stobaeum
468 2726 547 2787 tueri
577 2728 667 2799 lieet,
697 2728 750 2788 ubi
779 2723 889 2789 ἐνόασε
916 2728 967 2801 lV,
995 2730 1024 2800 3,
1052 2722 1250 2808 τριπόθατος

160 2823 212 2896 Ill,
238 2825 293 2898 15;
315 2843 389 2884 nam
418 2824 515 2886 iidem
547 2827 675 2887 Stobaei
705 2827 777 2889 libri
806 2826 886 2900 vlu,
916 2831 935 2891 2
965 2834 1091 2890 tuentur
1120 2823 1249 2907 Θασεύς,

108 3008 111 3010 -
161 2923 329 3003 pessimam
354 2923 488 2984 formam
513 2934 544 2987 ei
566 2926 730 2987 meliorum
754 2927 906 2989 librorum
931 2948 993 3009 ope
1016 2948 1033 2990 e
1055 2927 1189 2991 Theoer.
1211 2928 1249 3005 ll,

159 3024 200 3088 45
223 3023 432 3104 profligatam.
482 3024 592 3108 ltaque
615 3027 704 3088 Bioni
726 3027 807 3090 haec
830 3028 1144 3112 hyperdorisrnorum
1175 3030 1248 3092 vilia
1292 3017 1295 3020 ⁴

158 3126 338 3206 relinquere
360 3125 455 3186 nolui.

89 3311 92 3315 ,
241 3226 404 3300 Quaedam
439 3228 478 3290 de
511 3228 645 3290 dialecto
685 3231 716 3291 in
748 3231 831 3294 Adn.
863 3230 936 3297 Crit.
970 3239 1150 3312 tangemus,
1184 3232 1248 3295 alia
1308 3241 1310 3245 ’

121 3317 125 3328 '
159 3327 339 3408 quaestioni
364 3331 404 3390 de
426 3329 512 3390 omni
532 3330 751 3394 bucolicorum
764 3333 900 3398 dialecto
915 3333 1126 3397 instituendae
1138 3353 1248 3397 reser-

158 3447 276 3494 namus.

165 1933 184 1976 a
208 1915 342 1996 genuina
357 1924 388 1977 et
400 1917 517 1977 Doride
533 1927 563 1980 et
577 1917 711 1979 Aeolide
728 1918 865 1978 alienum
880 1936 956 1978 esse
971 1918 1063 1978 docui
1073 1919 1209 1985 Diall.ll.
1223 1911 1260 2002 p
1353 2004 1357 2009 ι
