2768 4658
548 314 759 382 ...ue-

113 478 435 565 osporum‘servobat‘‚
458 478 522 548 vid.
544 484 632 552 Diale
650 478 740 546 Aeol.
762 473 855 564 prta.
878 478 965 565 seqq.
1001 475 1203 558 Q‘uaro'iilao

112 587 256 668 psiloses-
272 585 707 666 libianorumrnogtigentiae
729 586 832 665 potius
850 584 1040 647 tribuendae
1055 578 1204 648 uident-'ui

108 697 215 770 qoam·
236 687 277 748 ad
288 681 621 774 Aeolicam·‘oarmini's
644 682 870 767 proprietatem
893 681 1088 749 reiciendas.
1113 687 1203 750 Adeo

112 791 162 849 in·
178 782 306 850 nomino
326 784 647 869 *tuocum-optimus
680 788 760 853 liber
783 789 1082 868 contrazvulgarem
1099 776 1204 849 numu

106 889 339 970 aspirationem
360 889 483 964 tuetur,
502 890 570 951 vids
586 888 665 950 Adn.
690 888 762 956 Crit.
782 880 836 950 lad.
859 900 903 952 cs.
927 890 976 953 78,
1054 923 1057 927 «
1174 921 1177 932 ·

102 1053 103 1056 ,
196 993 381 1075 Aliquotieo,
392 999 426 1052 ut
437 991 563 1054 dialecti
580 992 801 1053 inconstantia
811 983 1202 1070 paullulumminuer'etor,

114 1094 307 1155 Aeolismum
330 1093 424 1156 etiarn
448 1093 534 1155 nulla
555 1086 708 1155 librorum
730 1104 794 1174 op'e
814 1092 961 1157 restitui?
987 1093 1027 1154 Et
1047 1085 1204 1160 omninode

111 1195 241 1276 quidem
264 1213 309 1258 vs.
332 1184 377 1258 23'
393 1194 459 1275 jam
482 1213 506 1256 a·
521 1194 678 1258 Brunckio
702 1205 734 1258 et
755 1194 936 1256 Hermanno
960 1208 1019 1275 pro
1040 1180 1204 1254 κωκιίουοα

112 1296 232 1357 editum
261 1305 346 1370 erat,
373 1293 450 1374 ἐμμὶ
472 1316 516 1359 vs.
545 1300 585 1362 56
615 1299 654 1358 ab
683 1297 739 1358 illo
771 1299 839 1373 (nos
871 1289 943 1373 i'pm
971 1286 1041 1356 cum
1069 1288 1203 1355 accentu
1313 1336 1314 1339 ,

62 1455 64 1458 .
112 1397 270 1476 Aeolico);
288 1401 358 1479 ipse
373 1397 481 1461 tertias
497 1410 651 1479 personas
666 1399 804 1478 plurales
815 1392 1079 1471 ὲκοιιάζουοιυυοί
1093 1389 1203 1456 ἐπαιά-

113 1499 225 1576 ξουοιυῖ
243 1502 273 1562 2.
296 1501 326 1564 6.
351 1501 400 1565 15.
415 1501 472 1564 28.
496 1500 568 1571 88..
588 1500 752 1561 κλαίουσιν
772 1499 838 1575 19.,
866 1498 1004 1583 κείρουσι
1032 1488 1088 1561 22.
1112 1489 1201 1578 (pejj.

112 1601 247 1684 κείροιτι
267 1600 317 1662 vel
338 1599 487 1683 τείρουτι)
510 1601 651 1666 κλαίουσι
663 1603 722 1675 33..
746 1595 1008 1676 ἀναστενάχουσιν
1019 1599 1069 1675 82,
1093 1594 1203 1659 ἐπαεί-

113 1700 222 1764 δουοιν
241 1703 295 1766 97.
329 1700 545 1764 ἰοἈοοΙίοιιπι
580 1701 715 1763 formam
752 1736 791 1747 —
820 1702 932 1784 οισι(ν)
952 1701 1081 1765 mutavi.
1124 1702 1203 1762 Nam

111 1812 209 1886 quum
231 1803 386 1864 librorum
410 1821 583 1864 consensus
605 1803 737 1866 Doricus
766 1804 898 1866 formas
916 1811 1041 1865 tueatur
1068 1802 1129 1864 has
1157 1799 1203 1862 λί-

112 1923 196 1983 γουτι
218 1906 268 1968 32.
291 1906 352 1980 95„
374 1898 544 1987 δακρύοντι
565 1905 625 1978 34..
647 1905 792 1967 niciosus*
806 1906 868 1980 93„
897 1923 955 1965 nec
983 1903 1136 1967 credibile
1163 1902 1204 1964 sit

112 2011 241 2088 potitam
264 2005 379 2086 triplici
400 2007 504 2068 forma
527 2021 621 2068 usum
641 2024 721 2082 esse,
745 2007 827 2068 adeo
850 2001 1083 2069 ἀνακλείοιοιοί
1098 2002 1202 2068 iunci

111 2107 228 2170 δουοιυ
241 2097 285 2173 vs.
308 2109 357 2172 96.
381 2109 431 2171 97.
453 2106 716 2190 conjunctissima<
734 2108 897 2188 posuisse,
926 2108 1075 2171 Aeolicus
1096 2117 1201 2170 autem

112 2209 236 2272 turmae
258 2207 403 2293 φορέουσι
424 2209 528 2272 85.ὀί
549 2205 740 2270 ἇνοικλείοιοι
760 2211 810 2273 96.
824 2208 968 2270 librariis
991 2226 1086 2288 aegre
1108 2209 1202 2270 tribui

112 2309 251 2390 possint,
290 2309 383 2371 valde
416 2308 582 2388 probabile
620 2317 668 2371 cst
700 2309 915 2370 obscuriorem
949 2309 1203 2370 terminationem

113 2409 277 2471 Aeolicam
298 2419 405 2470 -οιοι
430 2410 557 2490 saepius
587 2409 618 2469 in
653 2410 797 2472 omnibus
826 2408 912 2470 libris
941 2410 1063 2490 vulgari
1091 2418 1204 2472 monoc

112 2511 272 2574 levissime
306 2510 462 2572 differenti
491 2512 633 2575 cessisse.
683 2511 808 2572 Deinde
832 2525 958 2573 nomen
979 2512 1059 2573 deae
1086 2510 1203 2593 ubique

112 2610 263 2695 Κυθίρῃα
285 2611 478 2692 scripsimus,
501 2610 600 2674 semei
622 2613 739 2674 codicis
767 2613 817 2678 23.
839 2633 912 2694 ope,
933 2612 1031 2694 idque
1053 2631 1092 2674 eo
1119 2627 1202 2673 con-

111 2713 274 2787 fidentius,
299 2714 385 2794 quod
406 2713 467 2776 hoc
490 2733 588 2793 genus
610 2714 761 2776 Aeolismi
785 2715 880 2776 ctiam
901 2714 933 2774 in
960 2712 1103 2795 reliquiis
1123 2715 1204 2775 oto-

112 2816 181 2878 neis
203 2834 220 2876 a
244 2815 384 2876 Stobaeo
404 2815 535 2876 serratis
556 2815 729 2894 reperitur,
761 2815 816 2875 ubi
844 2813 899 2874 tx.
923 2813 951 2878 1.
976 2809 1203 2900 Ἀφρογευῄοις,

112 2916 177 2992 llll,
202 2917 251 2981 10.
274 2911 376 2994 μῄουα
391 2915 488 2977 libris
509 2914 683 2979 firmantur.
726 2917 835 2995 Neque
866 2912 935 2975 iere
965 2914 1095 2990 dubito,
1126 2917 1203 2998 quin

112 3020 213 3080 multo
234 3015 328 3100 plura
348 3015 478 3078 Aeolica
505 3016 537 3077 in
562 3015 625 3076 hoc
655 3017 792 3078 carmine
820 3030 840 3076 a
869 3015 1007 3076 librariis
1034 3014 1203 3078 obliterata

111 3121 184 3185 sint.
223 3113 284 3181 ¹Bio
316 3119 400 3181 enim
429 3131 526 3199 quum
556 3118 688 3179 omnino
716 3117 810 3199 plura
837 3117 966 3178 Aeolica
993 3132 1054 3180 nec
1079 3126 1202 3180 temere

113 3221 317 3302 assumpserit
328 3239 421 3302 quam
434 3219 628 3294 Theocritus,
640 3219 672 3280 in
684 3219 747 3281 hoc
759 3211 887 3300 quidem
898 3218 1037 3280 carmine
1050 3209 1204 3301 Sappho-⁵

78 3321 80 3325 ’
112 3321 160 3384 nis
182 3322 293 3402 poisin
306 3322 502 3385 Adoniacam
522 3321 654 3396 imitato,
676 3321 807 3403 antiquo
821 3320 1013 3382 Graecorum
1035 3324 1203 3401 podtamm

110 3424 196 3487 mori
213 3424 290 3507 (vid.
313 3438 393 3506 quac
414 3423 571 3505 disputavi
589 3423 620 3483 in
631 3423 716 3485 Actis
728 3421 1082 3502 Philologornmtierm.
1107 3421 1204 3506 1852)

113 3524 339 3586 convenienter
368 3525 446 3605 egit,
482 3527 508 3586 si
546 3522 716 3587 dialectum
745 3522 973 3608 Αἰολικωτίραυ
1003 3534 1073 3585 esse
1103 3525 1204 3587 voluit

114 3642 208 3707 qnam
231 3625 263 3684 in
285 3625 425 3708 reliquis.
471 3662 474 3667 «

111 3760 115 3766 ·
195 3726 324 3788 Praeter
343 3727 474 3788 Aeolica
499 3729 556 3789 illa
585 3728 739 3789 librorum
766 3725 936 3789 auctoritas
965 3724 1059 3788 etiam
1088 3726 1203 3789 multas
1299 3730 1302 3734 '

112 3832 213 3905 epicos
233 3816 352 3890 formas
375 3835 480 3891 tuetur
499 3819 525 3890 ‘a'
543 3828 704 3891 Theocriti
735 3849 795 3890 usu
823 3827 951 3890 alienas.
995 3826 1099 3889 Primo
1127 3828 1202 3890 loco

113 3924 425 4006 commemoramus‚'
445 3929 478 3990 in
510 3930 624 4012 quibus
660 3930 788 3992 minime
824 3930 1025 4010 corruptelae
1062 3930 1201 4010 suspicio

112 4045 181 4088 esse
209 4038 323 4109 potest.
372 4032 551 4094 Pronomen
581 4049 739 4112 personae
766 4033 924 4094 secundae
951 4032 983 4092 in
1011 4030 1062 4094 his
1092 4027 1203 4091 iormis
