2768 4658
629 350 839 420 -44·,-

193 516 259 582 non
280 519 431 602 loquor);
460 532 532 578 narn
554 514 599 577 ld.
622 514 685 576 XX
711 513 1004 578 meritonenses
1025 512 1198 579 canusima
1220 490 1288 576 uon

193 616 352 694 Theocritp·
392 627 455 694 est,
505 615 546 680 oi.
580 616 714 682 ldeinelr.
747 616 847 678 Praei.
888 622 918 696 p.
952 616 989 681 V.
1039 617 1086 678 lio
1126 613 1287 696 pertinent

194 701 267 786 W
288 711 339 776 58·
373 717 404 773 et
432 718 548 780 tertiae
568 733 725 800 personae
748 717 887 801 plurales
918 715 1079 804 pantorum
1103 717 1165 791 85..
1196 706 1286 799 quod

193 810 345 878 suadente
367 816 505 883 Ameisio
526 816 628 883 deoru
652 820 720 902 p.7
742 819 848 901 recepi
871 821 909 882 ex
931 820 1024 882 codd.
1048 817 1089 882 u.
1106 819 1144 880 Κ.
1168 838 1194 882 c.
1218 817 1287 900 [ta-

197 914 339 978 rentibus
366 919 461 983 etiam
498 920 689 1005 reliquorum
726 922 879 986 librorum
907 920 1096 1009 lectionibus
1125 914 1286 1006 φορέῃσιν,

194 1015 349 1101 φορέῃσιν,
372 1040 469 1107 quoru
499 1044 530 1085 oo
559 1030 590 1086 et
619 1043 640 1100 η
667 1022 765 1106 vulgo
798 1023 1057 1107 contundantur),
1085 1017 1301 1101 machiotae

196 1118 284 1196 qaod
319 1125 493 1186 seeundum
518 1123 655 1207 optimos
692 1125 819 1188 codices
848 1126 899 1190 23.
914 1125 960 1188 ld.
982 1125 1106 1189 restitui
1115 1142 1124 1202 ;
1149 1124 1286 1206 denique

194 1217 346 1307 Kalliena
367 1226 418 1290 59.
442 1224 492 1308 (ol.
508 1222 625 1308 Sapph.
648 1226 687 1291 fr.
707 1226 750 1290 62
773 1236 803 1289 et
824 1226 908 1292 Dial.
928 1226 1018 1290 Aeol.
1041 1246 1071 1309 p.
1088 1225 1131 1291 at
1157 1231 1221 1286 not.
1244 1224 1285 1300 6),

195 1322 281 1400 qnod
303 1325 393 1388 solus
413 1326 464 1390 23.
483 1328 705 1409 suppeditavit.
747 1328 889 1410 Apparet
910 1336 1025 1405 antem,
1048 1344 1141 1410 quam
1166 1323 1288 1390 librarii

194 1420 227 1482 iu
248 1421 370 1489 formas
390 1428 539 1492 Aeolioas
561 1431 745 1505 saevierint,
774 1451 870 1513 qoam
901 1448 941 1494 ex
967 1428 1030 1493 illis
1052 1437 1174 1517 septem
1196 1425 1288 1490 solae

193 1525 331 1605 morona
360 1537 390 1591 at
420 1527 493 1609 ἐμμὶ
522 1548 678 1593 consensu
713 1531 866 1594 librorum
905 1529 1084 1607 firmentur,
1113 1528 1286 1617 pociuntur,

153 1643 156 1646 ’
195 1623 394 1711 &occulenda
423 1630 575 1719 Κυθέρῃα
605 1651 715 1695 eorum
738 1642 837 1716 parte,
860 1632 977 1697 Μοῖσαι
1000 1642 1104 1696 autem
1128 1640 1159 1696 et
1180 1628 1288 1717 ἐπέρ·

194 1731 280 1793 nulla
325 1733 514 1815 conjecturis
558 1755 577 1796 e
620 1735 738 1820 illutque
770 1743 801 1797 et
828 1734 958 1823 ἔπταρον
993 1729 1031 1810 ὃς
1059 1732 1094 1797 δὲ
1123 1735 1287 1797 restitutae
1366 1787 1373 1803 ,

198 1831 268 1897 sint
314 1831 372 1895 Vix
394 1835 488 1915 igitur
511 1835 638 1898 dubium
661 1834 762 1898 videri
792 1845 914 1918 potest,
944 1839 1020 1919 quin
1049 1833 1168 1899 librarii
1194 1833 1289 1899 etiarn
1325 1911 1327 1916 ,

195 1933 287 2013 plura
308 1935 437 1997 Aeolica
458 1936 642 1999 sustulerint
664 1937 713 1999 vel
737 1938 923 2001 obleverint.

282 2034 401 2099 Videor
423 2047 528 2100 autem
549 2038 626 2099 mihi
647 2038 768 2120 adquot
790 2037 911 2102 formas
932 2035 1078 2102 Aeolicus
1108 2039 1204 2100 etiarn
1230 2056 1288 2099 re-

197 2136 390 2205 conditiores
412 2139 445 2199 in
466 2139 620 2202 librorum
643 2142 831 2221 corruptelis
844 2138 1009 2203 detexisse.
1042 2141 1288 2221 Primumquum

103 2230 104 2233 '
195 2237 227 2298 iu
250 2259 294 2300 vs.
311 2240 352 2304 76
373 2242 468 2320 vulgo
491 2242 611 2321 legator
632 2242 685 2303 καὶ
706 2236 807 2305 ἄνθεα
830 2237 918 2305 πάντ’
932 2239 1105 2327 ἐμαράνθη,
1127 2238 1287 2323 sequentis

197 2341 371 2403 sententiae
405 2344 552 2425 analogia
589 2345 694 2424 potius
731 2345 950 2425 imperativum
978 2344 1175 2424 postulante,
1210 2339 1288 2402 nihil

198 2443 283 2526 quod
306 2445 480 2506 sententiae
503 2446 689 2519 satisfaciat,
721 2445 844 2507 facilius
866 2445 986 2507 restitui
1009 2450 1113 2526 potest
1144 2461 1237 2526 quam
1259 2461 1287 2502 κ.

198 2542 227 2609 ἆ.
249 2541 352 2609 πάντα
374 2542 554 2631 μαράνθην,
583 2553 617 2608 ut
638 2545 811 2608 infinitivus
840 2547 891 2608 hio
912 2547 1059 2609 Aeolicus
1087 2543 1176 2622 (Dial.
1198 2543 1288 2605 Aeol.

197 2671 228 2730 p.
253 2648 322 2731 141)
346 2669 404 2729 pro
433 2648 621 2728 imperativo
651 2649 773 2729 positos
800 2649 848 2710 sit.
897 2647 1019 2710 Deinde
1048 2666 1092 2710 vs.
1121 2647 1162 2711 39
1192 2645 1286 2726 vulgo

197 2751 311 2833 legitur
331 2751 378 2824 τίς
400 2745 458 2811 οὐκ
489 2747 634 2812 ἔκλαυσεν
660 2743 699 2812 ἂν
727 2747 815 2824 clun
842 2750 896 2810 obi
924 2749 1078 2830 particula
1110 2741 1148 2809 ito
1175 2747 1287 2808 merito

152 2930 155 2936 Ι
197 2854 380 2915 Hermanno
404 2853 591 2913 sententiam
613 2853 748 2931 perdere
771 2853 837 2914 visa
851 2859 914 2929 est;
938 2853 1026 2913 deest
1037 2857 1140 2910 autem
1151 2849 1183 2910 in
1199 2849 1288 2928 opti-

198 2956 256 3016 mis
279 2955 376 3016 libris.
419 2954 486 3015 lam
517 2973 591 3014 vero
621 2973 679 3034 pro
706 2953 802 3015 κλαίω
831 2952 995 3014 Aeolicum
1026 2961 1073 3013 est
1100 2950 1196 3013 κλαΐω
1225 2951 1288 3014 vid.

200 3056 281 3121 Dial.
312 3055 401 3117 Aeol.
432 3072 462 3136 p.
494 3055 562 3119 105.
612 3055 715 3129 Quum
747 3074 823 3118 vero
846 3062 965 3116 mnam
995 3053 1048 3129 sit,
1078 3052 1170 3114 verbi
1193 3052 1290 3114 κλαίω

198 3156 359 3239 antiquam
387 3155 516 3238 stirpem
542 3156 575 3216 in
606 3155 765 3238 digamma
796 3155 899 3219 exisse
926 3153 1053 3233 anat,
1074 3153 1126 3214 vix
1153 3151 1289 3214 dubitari

198 3278 296 3340 posse
314 3257 456 3332 videtur,
479 3257 555 3341 qnia
576 3257 693 3320 Aeolea
716 3264 838 3321 veteres
861 3253 1138 3336 pronunciaverint
1158 3253 1289 3336 ciuile),

198 3360 314 3423 deinde
328 3360 443 3421 alardo
465 3358 504 3418 oi.
520 3358 600 3422 Dial.
614 3358 702 3419 Aeol.
718 3378 748 3439 p.
764 3358 805 3421 36
820 3373 909 3438 seqq.
926 3361 957 3417 et
971 3353 1135 3417 Aeolicum
1154 3351 1290 3443 ἆραὺιος,

199 3460 287 3544 qood
309 3458 574 3524 Schneidewinus
596 3457 709 3522 Philol.
736 3457 780 3518 lli
807 3475 837 3538 p.
866 3457 927 3522 ast
960 3474 999 3518 ex
1028 3455 1150 3538 optimu
1179 3458 1290 3523 codice

198 3564 317 3627 Alcaeo
340 3563 377 3626 t'r.
400 3562 450 3625 23.
476 3560 645 3624 vindicavit
671 3579 729 3641 pro
759 3554 874 3644 ἄρειας.
922 3558 1053 3622 Aeolica
1084 3576 1162 3622 vcro
1188 3559 1290 3624 torna

200 3661 337 3728 ἔαλαύιεν
358 3675 417 3743 pro
440 3660 586 3726 ἔκλαυσαν
615 3662 758 3724 restituta
786 3679 851 3723 non
879 3661 982 3725 suham
1010 3678 1120 3725 versus
1145 3648 1292 3743 suspecta

199 3767 313 3830 vocula
342 3759 381 3828 tir
410 3784 473 3828 non
502 3765 636 3847 indiget,
665 3762 721 3825 sed
748 3763 966 3843 imperfectum
994 3763 1088 3826 etiam
1117 3762 1291 3826 sententiae

202 3868 314 3930 melius
354 3868 523 3931 convenire
556 3867 690 3930 videtur.
750 3862 956 3927 Confirmatio
986 3865 1092 3946 aliqna
1125 3861 1246 3925 aceedit
1272 3879 1291 3923 e

152 4039 154 4041 ,
200 3970 380 4032 Parthenio.
423 3963 639 4041 Quintanas
670 3968 701 4028 in
732 3966 870 4032 dialecto
900 3963 1119 4027 constituenda
1149 3969 1291 4027 versatus

202 4071 303 4151 (finxit
317 4071 402 4134 adca
413 4086 531 4134 novam
542 4068 677 4132 termam
690 4062 784 4146 ὑμέες
799 4067 980 4130 uolonibus
992 4063 1125 4148 quidem*
1134 4065 1291 4146 eamdam
