2768 4658
598 363 638 411 -·,
674 328 722 392 aa
758 363 804 384 ..-

149 513 197 575 pr.
220 492 302 554 illius
327 493 398 554 loco
426 498 496 566 τοῖς
524 492 734 557 desiderabat.
782 491 868 554 Libri
898 512 973 554 vero
1000 502 1130 561 accentu
1162 514 1278 574 pro··
1322 516 1324 521 ·

150 595 244 668 dunt,
267 591 386 656 ἐνιανεν
407 613 464 674 pro
485 592 641 657 infinitivo
663 594 804 658 habitum
827 611 914 666 esse,
947 592 1114 656 addicente
1135 594 1247 676 glossa

150 696 183 757 iu
206 695 262 756 lm.
284 694 495 776 superscripta
523 693 579 764 ἵνα
599 682 632 776 ᾖ.
683 696 812 759 Accedit
841 695 926 778 quod
954 694 1128 757 secundum
1158 714 1245 758 cou-

149 797 374 860 stantissimam
397 798 654 858 consuetudinem
668 797 833 859 meliorum
854 796 996 860 codicum
1010 795 1243 874 Bucolicorum,

150 899 177 962 si
200 899 278 961 illud
302 897 432 960 verbum
455 898 656 978 praeteritum
670 897 770 960 visum
793 905 885 971 esset,
897 893 1001 977 potius
1024 893 1244 978 iuiunescrip-
1293 942 1296 947 -

151 1010 217 1061 tum
241 975 343 1072 loret,
350 999 435 1080 quia
458 1018 593 1082 sequens
618 1019 725 1062 versus
748 1018 921 1061 consonam
944 998 975 1058 in
1007 997 1111 1062 fronte
1132 999 1243 1063 babet.

148 1104 331 1163 Tenuerunt
345 1108 449 1163 autem
461 1100 648 1163 infinitivum
661 1119 771 1163 omues
789 1100 951 1162 editiones
965 1107 1036 1162 ante
1047 1100 1241 1181 Stephanum

151 1209 183 1265 et
206 1211 318 1284 postea
350 1200 524 1283 Crispinus,
563 1204 616 1284 qui
646 1197 780 1287 φάρεσιν
806 1190 856 1274 οἷς
887 1196 1005 1264 iamiar
1038 1201 1137 1264 edidit
1168 1222 1242 1265 cum

149 1303 408 1384 interpretatione
434 1303 539 1365 »utin
564 1303 711 1365 mollibus
734 1309 797 1366 suis
820 1303 958 1367 vestibus
988 1302 1110 1364 cubet«
1163 1300 1242 1365 Cum
1321 1370 1324 1378 ,

148 1404 292 1468 infinitivi
312 1425 390 1468 vero
414 1427 472 1468 usu
496 1405 533 1470 cd
556 1405 649 1469 Hom.
672 1405 731 1468 Od.
759 1424 785 1484 γ,
808 1405 880 1469 349
903 1386 1021 1487 ᾦσῧτε
1037 1407 1167 1478 χλαῖναι
1187 1403 1243 1466 καὶ

150 1502 245 1591 ῥήγεα
266 1502 353 1570 πόλλ’
375 1505 474 1574 ὲνὶσῑ
441 1528 517 1590 σκῳ
540 1499 605 1569 οὔτ’
628 1503 714 1592 αὖτῳ
738 1508 884 1586 μαλακως
909 1499 980 1567 οὔτε
995 1504 1139 1582 ξείνοισιν
1160 1499 1243 1567 ἐνεύ

149 1608 224 1682 δειν,
247 1609 378 1672 Theocr.
407 1611 444 1686 V,
478 1610 528 1674 10.
554 1604 629 1671 ουδὲ
655 1605 715 1726 ptip
744 1603 877 1692 Ενμάρᾳ
902 1626 945 1690 τῳ
976 1591 1162 1690 δεσπότᾳ
1143 1626 1182 1684 ης
1210 1625 1243 1669 τι

149 1708 288 1790 δνεύδεν,
317 1710 413 1784 XVll,
444 1711 513 1775 133.
541 1709 630 1786 λέχος
657 1707 832 1794 στόρννσιν
850 1705 949 1777 ἰαύειν
978 1708 1051 1788 Ζηνὶ
1078 1709 1132 1770 καὶ
1145 1703 1240 1793 Ἥρῃ.

149 1812 252 1887 Quum
274 1811 369 1893 igitur
390 1829 448 1892 pro
477 1807 523 1883 οἱ,
552 1812 638 1892 quod
667 1811 737 1873 libri
768 1813 936 1894 praebent,
973 1831 1006 1874 eo
1034 1810 1240 1874 restituissem
1268 1795 1271 1799 ⁵

149 1921 197 1992 (σι
228 1922 259 1975 et
287 1933 320 1975 eo
351 1931 446 1991 saepe
475 1917 714 1993 permutantur),
744 1931 814 1975 eam
837 1912 1092 1974 emendationem
1113 1910 1242 1974 firmare

149 2014 317 2077 videbatur
339 2013 409 2075 Divi
432 2013 533 2094 (cujus
556 2012 733 2075 versionem
757 2022 867 2092 postea
897 2021 1005 2074 nactus
1028 2012 1112 2094 sum)
1141 2013 1241 2073 inter-

149 2115 284 2196 pretatio
306 2111 440 2198 „depone
461 2123 491 2176 ct
510 2112 641 2176 mollibus
661 2119 693 2175 in
713 2111 838 2176 vectibus
865 2117 930 2196 ejus
951 2110 1114 2187 dormire,“
1144 2131 1240 2192 quern
1302 2145 1311 2163 .

149 2211 183 2278 ab
206 2213 323 2278 ἐνιαῢεν
344 2215 502 2282 invenisse
525 2216 619 2279 etiam
642 2217 756 2279 certius
780 2218 956 2291 crederem,
979 2214 1038 2275 nisi
1061 2213 1144 2274 idem
1169 2211 1241 2276 aliis

151 2317 362 2400 quoquelocis
390 2313 565 2401 obper'ejur
587 2319 787 2394 reddidisset,
810 2326 843 2380 ut
864 2318 896 2377 in
916 2317 979 2380 hoc
1001 2316 1140 2377 carmine
1151 2335 1194 2375 vs.
1208 2317 1239 2380 9.

150 2415 295 2479 Ceterum
324 2413 429 2503 φάρεα
458 2406 491 2482 εὗ
520 2416 638 2483 incuban
667 2429 738 2483 suut
766 2418 941 2500 stragulae,
964 2417 996 2477 in
1024 2416 1137 2496 quibus
1156 2416 1239 2479 bene

46 2517 51 2526 “
149 2519 298 2592 cubetur,
321 2539 403 2600 quae
425 2530 631 2602 opponuntur
653 2517 779 2604 στιβάδι
800 2517 857 2583 οὐκ
879 2515 994 2597 ἀναθῇ.

236 2621 282 2680 Vs.
307 2623 358 2680 73.
401 2623 505 2701 Turpe
527 2622 604 2682 illud
626 2616 755 2698 ἐμόχθει
781 2622 846 2703 jam
876 2619 1040 2681 Eobauum
1053 2618 1186 2680 Hessum
1209 2625 1242 2680 et

150 2719 355 2782 Wiusemium
380 2720 566 2809 offenderat,
590 2742 722 2804 quorum
745 2722 796 2783 ille
822 2721 990 2802 »carpebat
1003 2739 1163 2795 somnos«
1189 2719 1241 2783 hio

152 2841 317 2884 »somnum
340 2822 519 2903 capiebat,«
545 2832 657 2905 postea
678 2823 895 2885 Ruhnkeninm
930 2830 961 2885 et
987 2821 1240 2882 Valckenarium.

144 2918 296 3001 Ἐμίχθη,
320 2924 404 3004 quod
427 2926 598 2986 secundum
622 2926 790 2988 lectionem
812 2919 931 3003 ἐμόχθη
950 2924 1016 3006 jam
1040 2942 1059 2984 a
1080 2921 1240 2984 Bruncltio

150 3044 190 3084 ex
212 3025 252 3085 M.
275 3025 433 3104 prolatam
459 3026 587 3088 Vossius
614 3027 750 3108 conjecit
771 3027 907 3110 disiungi.
931 3047 959 3107 p.
984 3025 1044 3089 149
1074 3032 1104 3087 et
1130 3024 1162 3085 iu
1184 3022 1241 3084 in·

149 3126 377 3207 terpretatione
400 3126 553 3207 expressit
575 3143 642 3204 „too
667 3148 696 3193 et
718 3130 771 3195 tuit
793 3128 855 3194 mit
876 3130 908 3193 iu
931 3127 979 3192 bet
1001 3126 1096 3206 Morbi
1121 3143 1156 3207 tu
1178 3123 1240 3205 bris

151 3227 237 3310 [ipen
261 3227 387 3310 &obluit
410 3230 505 3314 poledi
527 3230 748 3309 perfusione
769 3229 969 3291 Hermannus
993 3246 1010 3288 e
1040 3245 1097 3288 suu
1126 3224 1241 3307 conje-

151 3335 239 3390 ctura
262 3329 410 3410 edidit,
398 3350 463 3412 Jarn
487 3331 691 3395 confirmatur
713 3331 872 3414 glossam
894 3331 935 3392 M.
959 3322 1131 3406 συνεγένετό
1161 3345 1220 3390 σοι.

238 3433 284 3494 Vr.
317 3435 369 3493 74.
423 3433 622 3495 Hermauuns
657 3453 675 3494 e
708 3434 891 3517 conjectura
924 3430 1023 3494 ποθει
1049 3428 1085 3493 δὲ
1112 3423 1242 3507 στυγνὸς

142 3526 281 3595 ’Άδωνιν
309 3534 450 3598 scribens
479 3534 585 3612 Bioni,
615 3535 750 3617 eleganti
782 3539 912 3617 potitae,
940 3534 1087 3599 vitiosum
1115 3550 1240 3596 versum

150 3634 300 3710 obtrusit,
323 3636 362 3700 cf
385 3635 526 3699 Gerbard
551 3638 645 3700 Lectt.
668 3636 773 3718 Apoll.
805 3657 835 3719 p.
860 3636 929 3702 148
973 3637 1107 3717 Vulgata
1134 3638 1240 3696 autem

150 3736 317 3798 sanissima
341 3743 403 3811 est,
435 3739 531 3800 modo
555 3757 623 3799 cum
647 3738 785 3802 Ameisio
809 3740 907 3802 ποθεῖ
928 3746 1117 3820 reponatur,
1144 3753 1240 3817 quam

150 3835 318 3899 lectionem
348 3838 574 3902 Valckenarius
610 3847 758 3922 tanquam
795 3861 813 3904 e
848 3841 1029 3922 conjectura
1063 3834 1238 3918 proposuit,

151 3956 247 4020 quum
270 3957 308 3999 ex
329 3939 450 4002 Aldinis
473 3948 595 4022 peteret
615 3951 730 4023 posset.
774 3943 887 4005 Lectus
908 3939 1083 4002 ndontdem
1107 3935 1239 3999 deside-

154 4057 226 4101 rare
247 4038 360 4106 dicitur
382 4042 525 4122 quamvis
548 4043 666 4107 tristem
698 4045 869 4127 adspectu,
902 4048 1011 4122 utpote
1039 4045 1196 4103 mortuum
1219 4059 1238 4105 u
