2768 4658
608 322 813 385 „35-

158 501 221 582 Dc
247 494 441 579 carminis
460 461 604 576 Bionci
624 464 857 598 ephymniie
885 498 926 576 et
949 493 1252 599 compositione

595 625 817 735 strophica.

617 834 793 846 m

242 980 347 1045 Bionis
378 998 504 1042 carmen
536 979 577 1040 ad
601 978 798 1041 Adoniorom
827 987 948 1062 partem
971 978 1092 1042 tristem
1113 978 1251 1058 pertinet

156 1085 239 1148 sicut
272 1082 429 1146 Theocriti
456 1080 675 1158 Adoniazusae
707 1081 748 1142 ad
785 1089 906 1165 partem
944 1081 1070 1144 laetam.
1128 1079 1249 1143 'Luctus

158 1205 236 1251 vero
256 1184 416 1249 Adonidei
443 1183 576 1246 solenne
604 1181 815 1263 epiphonema
848 1188 916 1245 erat
944 1180 1015 1245 αἰαῖ
1028 1176 1176 1261 Ἄδωνιν,
1208 1179 1249 1243 cl.

145 1290 255 1348 christ.
280 1285 353 1366 Lys·
381 1285 453 1351 393.
487 1284 526 1345 σο
556 1284 688 1346 Adoniis
714 1284 835 1346 Atticis:
876 1279 994 1362 ἡνονὴ
1025 1283 1053 1344 δ’
1075 1278 1249 1369 ὀρχουμένη
1324 1274 1328 1279 ’

159 1381 434 1449 αἰαῖἊδωνιν
464 1386 548 1471 φησί.
590 1384 647 1446 Βίο
678 1387 791 1451 eodem
813 1385 1077 1466 epiphonemate,
1107 1385 1135 1448 si
1163 1389 1250 1449 recte

157 1489 410 1564 emendavimus,
433 1508 508 1563 usus
530 1493 578 1548 est
599 1508 642 1550 vs.
664 1487 721 1563 32,
754 1486 862 1550 addito
886 1507 961 1550 vero
984 1487 1118 1551 articulo
1140 1493 1172 1548 et
1194 1483 1247 1547 di-

158 1598 281 1671 rempta
303 1591 523 1672 interjectione
544 1607 563 1652 a
585 1589 714 1652 nomine
736 1591 843 1654 vs.92.
858 1591 910 1654 95.
931 1589 1054 1652 Deinde
1076 1587 1151 1651 satis
1174 1606 1249 1652 cue·-

143 1692 256 1754 nihile
279 1699 336 1765 est,
358 1687 492 1752 alterum
513 1690 735 1770 epiphonema,
766 1711 829 1773 quo
852 1695 947 1771 polita
970 1689 1076 1766 utitur,
1097 1689 1169 1753 uiui
1189 1682 1250 1751 τάν

157 1791 325 1879 Κυθέρηαν
349 1811 388 1855 ex
409 1791 479 1871 ipso
501 1791 696 1854 sidoniorum
719 1812 777 1855 usu
799 1792 928 1873 petitum
951 1811 1031 1853 esse.
1073 1792 1144 1853 Hoc
1165 1795 1250 1853 recte

156 1901 313 1959 servatum
337 1899 385 1955 est
407 1913 451 1955 vs.
473 1892 523 1957 28.
546 1893 607 1966 62,
629 1899 810 1975 corruptum
834 1913 878 1954 vs.
890 1894 941 1957 86.
963 1891 1099 1956 restitnit
1119 1893 1250 1955 henne-

142 1999 237 2078 ¹pius.
281 1995 380 2056 Aliam
410 1995 550 2076 ejusdem
579 1992 714 2057 formam
740 1989 799 2056 τὰν
826 1989 946 2080 Κύπριν
975 1994 1045 2058 clai
1071 1998 1186 2076 poetae
1206 2012 1250 2055 ex

85 2093 88 2100 ’
143 2096 285 2179 optimis
314 2095 401 2156 libris
431 2094 641 2171 reddidimus3
673 2096 884 2177 epiphonema
904 2105 1031 2160 auctum
1055 2102 1103 2158 est
1123 2096 1154 2157 iu
1177 2087 1247 2154 Kt-

146 2195 272 2285 πριδος
294 2192 381 2260 αἰνὸν
402 2193 599 2282 ἔρωτα-αἰαῖ
620 2218 664 2259 vs.
677 2198 730 2263 39.
760 2199 837 2261 Tum
861 2219 899 2260 ex
920 2198 991 2281 ipso
1014 2197 1151 2260 carmine
1172 2215 1249 2257 cer-

157 2301 276 2364 tissime
305 2297 411 2379 colligi
434 2305 553 2378 potest,
584 2297 616 2359 in
646 2299 730 2361 luctu
759 2301 799 2361 de
820 2300 968 2363 Adonide
995 2299 1128 2364 solenne
1150 2296 1247 2360 fuisse

157 2409 200 2478 ut,
222 2401 402 2482 quicunque
424 2399 505 2462 alios
528 2398 727 2476 conveniret,
757 2411 891 2464 mortem
919 2401 1072 2465 Adonidis
1100 2399 1151 2462 his
1180 2399 1247 2461 fere

157 2502 261 2566 verbis
285 2501 443 2564 nuntiaret
462 2495 625 2580 „duduco
646 2495 912 2582 καλός”Λδωνις“’,
934 2503 1048 2564 eodem
1065 2521 1165 2575 more,
1181 2518 1247 2582 quo

145 2622 240 2682 ,nunc
276 2621 366 2665 sacro
400 2601 452 2663 die
483 2601 721 2665 resurrectionis
749 2601 861 2662 Christi
890 2604 980 2665 Russi
1009 2602 1105 2665 obvio
1134 2600 1248 2687 cuique

155 2705 331 2767 acclamare
363 2702 468 2764 solent
494 2701 656 2780 „cimam
682 2707 857 2766 resurrexit.
869 2705 887 2738 “
943 2703 1142 2767 Adoniornm
1178 2721 1247 2764 mos

142 2807 293 2868 ,maxime
321 2794 525 2885 apparet'vs.
546 2805 604 2880 94,
638 2803 692 2867 uhi
720 2803 846 2868 Gratiae
875 2805 1095 2886 describuntur
1124 2798 1246 2868 ὤλετο
1339 2883 1341 2887 Ι

155 2902 278 2980 καλὸς
296 2902 465 2979 Ἄδωνις
491 2901 523 2966 ἐν
551 2900 701 2985 ἀλλήλῃσι
729 2903 866 2986 mpetum
895 2916 925 2970 et
953 2928 999 2970 vs.
1020 2909 1066 2981 5.,
1097 2906 1149 2969 ubi
1177 2904 1246 2987 ipsa

143 3009 262 3073 ‚Venus
299 3010 377 3070 πᾶσι
407 3005 503 3086 λέγειν
527 3007 657 3087 jubetur
692 3003 878 3073 ἀπώλετο
917 3004 1042 3085 καλὸς
1066 3004 1246 3083 Ἄδωνις.

144 3110 295 3172 Imitatus
326 3114 373 3170 est
402 3106 552 3171 Moschus
580 3107 631 3183 lll,
660 3110 690 3184 6,
723 3108 796 3172 alni
823 3104 964 3192 βάμβολε
985 3115 1055 3183 τοῖς
1076 3110 1245 3186 πετάλοισι,

155 3207 251 3284 auida
277 3208 410 3290 τέθνακε
439 3203 596 3288 pallarols,
624 3211 672 3276 17.
696 3209 803 3274 εἴπατε
832 3206 948 3286 πάσαις
968 3210 1141 3284 Βιστονίοις
1160 3207 1246 3288 Νύμ-

143 3329 278 3392 φαισιν,
300 3305 443 3372 ἀπώλετο
464 3305 581 3394 Δώριος
597 3305 751 3394 Ὀρφεύς;
792 3313 908 3375 deinde
930 3313 1058 3377 Nonnos
1079 3311 1173 3376 Dion.
1197 3313 1245 3384 15,

29 3483 32 3490 ,
143 3411 216 3484 ,398
245 3431 334 3492 seqq.
363 3411 395 3499 in
428 3410 653 3472 lamentatione
684 3413 724 3474 de
754 3413 872 3492 Hymni
902 3412 1032 3488 morte,
1055 3414 1108 3479 uhi
1133 3422 1246 3497 qnater

154 3512 308 3629 repetitur
336 3531 444 3578 versus
473 3506 587 3595 βούτης
614 3506 712 3587 καλὰς
737 3506 851 3595 ὄλωλε,
888 3510 967 3595 καλὴ
997 3514 1033 3581 δέ
1060 3536 1111 3595 μιν
1139 3512 1246 3579 ἔκτανε

146 3633 210 3678 ’κον
252 3663 261 3676 .

213 3634 379 3794 lappam
413 3721 517 3778 autem
550 3714 614 3778 hoc
649 3716 974 3794 carmine,Venerem
1003 3721 1116 3784 eodem
1147 3718 1243 3782 modo

156 3815 355 3896 plangentem
379 3814 523 3888 describi,
547 3836 610 3900 quo
633 3818 780 3880 mulieres
802 3818 879 3900 ipsis
889 3820 1020 3883 Adoniis
1041 3820 1243 3901 plangebant,

155 3934 239 3996 quae
261 3916 390 3976 Veneris
414 3916 530 3978 luctum
554 3918 668 3980 imitari
691 3920 909 3991 credebantur,
932 3922 970 3980 cf.
992 3919 1082 3981 Ovid.
1096 3919 1168 3979 Met.
1196 3920 1242 3993 10,

155 4017 234 4090 726,
265 4015 318 4075 ubi
347 4017 466 4078 Venus:
503 4027 684 4106 repetitoque
715 4028 816 4083 mortis
843 4028 937 4105 imupo
967 4041 1065 4083 annua
1089 4019 1242 4106 plunporio
