2768 4658
677 348 932 445 --ιι--ι

230 552 351 624 posset,
383 545 442 607 nisi
463 545 607 607 luntinae
628 544 722 608 lectio
742 545 913 609 correctori
936 546 1045 610 deberi
1066 545 1225 610 rideretur
1251 542 1324 608 vul*

231 656 323 728 gatae
362 645 587 710 absurditatem
628 645 790 719 sentienti,
833 638 869 709 'et
912 647 1121 728 genuinorum
1165 640 1320 709 librorum

232 749 327 811 lectio
355 746 483 830 λέβητος
510 746 620 834 χραοίη
649 746 733 809 aliud
768 748 843 828 qnid
871 749 1027 812 suaderet.
1076 748 1159 810 Hinc
1189 748 1256 809 erni
1284 744 1324 811 οἳ

233 847 273 911 δὲ
294 847 416 932 λέβητ’
438 846 475 923 ἔς
499 853 503 929 Ι
529 844 713 931 χρύοειού
734 845 948 934 <popinones
967 845 1077 937 ὕδωρ.
1109 848 1175 909 lam
1188 851 1323 912 Amores

232 967 346 1033 aquarn
367 951 399 1012 in
422 950 557 1014 lebetem
580 956 749 1038 apportare
771 949 932 1027 dicuntur,
955 951 1035 1014 alter
1064 957 1141 1033 puto
1163 941 1323 1032 frigidam,

233 1050 313 1113 alter
335 1050 485 1126 calidam,
516 1050 555 1111 ei.
579 1049 638 1112 Od.
661 1069 688 1123 τ,
717 1050 798 1126 387,
829 1069 911 1134 qnae
940 1051 1094 1114 sententia
1121 1051 1197 1112 mibi
1229 1053 1324 1114 etiem

231 1152 340 1232 paullo
368 1152 473 1232 aptior
502 1152 625 1214 videtur
653 1171 745 1234 qnam
772 1151 881 1214 altera.
929 1152 1068 1234 Apparet
1094 1161 1197 1215 aulem
1229 1169 1324 1235 qnam

231 1252 325 1316 facile
346 1250 446 1335 λέβητ’
467 1250 499 1327 ἐς
518 1249 662 1340 χρύσειον
672 1253 703 1314 in
715 1250 839 1334 λέβητες
849 1247 988 1334 χρύσειοι
1000 1253 1159 1334 corrumpi
1174 1254 1323 1334 potuerit,

231 1354 294 1416 hoc
316 1371 392 1415 vero
415 1353 446 1415 in
469 1351 597 1436 λέβητος
616 1353 725 1437 χρυοίη
748 1357 833 1433 (nem
856 1336 1322 1437 onetmulgo'permutantnr),

233 1456 319 1537 quod
343 1472 362 1517 a
384 1456 615 1517 correctoribus
637 1455 668 1515 in
691 1453 830 1516 dativum
853 1451 959 1536 λέβησι
968 1455 1124 1538 χρυσείοις
1141 1460 1323 1522 ιιιιιῑαιείού.

215 1555 480 1637 vl‘racpositionis
503 1556 671 1619 collocatio
694 1555 806 1616 eadem
828 1563 876 1617 est
895 1575 980 1636 quae
1000 1558 1133 1619 Tbeocr.
1156 1556 1256 1632 xxi,
1279 1557 1324 1621 ’33
1372 1597 1374 1602 -

233 1653 420 1742 ἀμφοτέρων
441 1654 476 1734 ἔξ
501 1662 508 1731 Ι
532 1656 657 1731 τοίχιιν;
679 1655 719 1718 dc
742 1662 872 1718 accentu
895 1656 934 1718 cf.
957 1657 1058 1720 Lehrs
1080 1659 1116 1732 Q.
1139 1658 1196 1737 Ep.
1218 1675 1250 1736 p.
1272 1655 1323 1722 98.

316 1757 438 1820 Deinde
460 1759 619 1840 vulgatam
640 1757 810 1820 lectionem
841 1757 939 1842 μηρία
965 1753 1051 1821 λούει
1077 1757 1255 1836 intelligunt
1281 1757 1325 1820 de

234 1865 362 1921 cruento
385 1856 540 1921 Adonidis
562 1861 684 1922 femore
707 1859 822 1924 lavato.
867 1857 1007 1923 Offendit
1030 1879 1105 1939 vero
1132 1866 1163 1923 et
1191 1858 1323 1939 pluralii

233 1979 336 2033 usns,.
359 1960 449 2042 qnasi
480 1967 647 2042 utrumque
677 1959 779 2022 lemur
810 1979 1005 2042 percussum⁴
1022 1960 1141 2036 luisset,
1170 1965 1203 2023 et
1224 1956 1324 2023 mitte

234 2060 337 2147 etiami¹
354 2061 455 2142 magis
482 2081 543 2124 vox
573 2061 703 2146 μηρίον,
734 2079 816 2142 quae
845 2079 1005 2144 nunqnam
1035 2060 1095 2121 nisi
1125 2060 1165 2122 de
1192 2062 1325 2124 exsectis

135 2244 138 2250 Ι
234 2159 408 2224 femoribus
429 2169 607 2242 usurpatur,
630 2161 669 2223 ci.
692 2160 784 2224 Voss.
806 2162 905 2243 Epist.
927 2161 1024 2243 myrta.
1045 2161 1074 2223 ll
1096 2182 1126 2243 p.
1149 2162 1228 2239 erm
1250 2180 1324 2224 nam

235 2264 328 2351 etiam
351 2261 571 2342 Aristophanis
593 2262 681 2327 locus
704 2263 829 2326 Tbesm.
851 2263 922 2337 693,
945 2279 1127 2344 quanquam
1164 2258 1325 2344 ambigui-

233 2371 298 2428 tate
320 2348 454 2427 ridicnla
477 2363 637 2471 quaesita,
661 2364 775 2426 eodem
799 2363 907 2428 tendit.
950 2363 1077 2425 Accedit
1105 2363 1192 2444 quod
1213 2363 1324 2444 optimi

234 2466 307 2528 libri
341 2484 403 2529 non
435 2460 535 2537 boden,⁴
567 2465 624 2527 sed
653 2460 719 2526 λύει
746 2465 874 2526 habeut
922 2463 1027 2538 Quare
1060 2464 1171 2546 scripsi
1201 2459 1326 2548 ponit

232 2565 372 2647 telier,
405 2565 491 2648 quod
521 2565 643 2627 facile
632 2585 663 2626 ιο
687 2565 783 2652 μηρία
804 2559 870 2627 λύει
891 2563 1115 2645 (praecedente
1137 2565 1325 2659 praesertim

234 2662 354 2744 ἔλασεν)
390 2666 548 2748 corrumpi
583 2672 722 2748 poterat,
757 2665 784 2727 si
814 2659 1053 2752 condensitate
1086 2660 1325 2728 abbreviatione

233 2769 382 2850 scriptum
406 2775 498 2831 esset.
527 2763 653 2830 Ἰαίνιιν
674 2772 721 2830 est
741 2765 826 2828 idem
849 2764 933 2848 qnod
954 2765 1140 2841 χλιαίνεινί.
1163 2785 1191 2828 e.
1211 2763 1325 2848 focem

235 2868 318 2931 unde
332 2863 511 2948 χλιάοματα
523 2869 606 2950 apud
623 2861 761 2930 medicos
780 2866 918 2929 Graecos
934 2868 1082 2942 lementa,
1100 2867 1137 2930 ci.
1149 2865 1234 2948 virg.
1245 2868 1325 2933 Aeo.

236 2970 286 3045 12,
308 2970 379 3033 420.
399 2967 476 3052 fucit
495 2989 532 3032 cc
551 2967 656 3032 coines
676 2966 789 3054 ίμιιμίιο
809 2965 967 3051 ίοιιηαεοιιι
984 2970 1077 3050 lupia.
1121 2968 1268 3038 Amores,
1291 2971 1326 3029 ut

235 3085 253 3132 e
295 3072 437 3152 sequenti
475 3070 678 3152 potissimum
704 3088 796 3132 versu
830 3077 977 3158 apparet,
1008 3068 1202 3130 Adonidcru
1215 3072 1325 3130 corant

235 3180 383 3253 tanquam
406 3171 537 3233 vulnere
559 3189 701 3251 aegrum,
730 3188 796 3232 non
825 3177 993 3233 mortuum.
1041 3167 1184 3248 Reliquis
1210 3167 1325 3229 similia

235 3278 403 3334 narrantur
426 3272 465 3333 de
486 3269 607 3332 Achille
629 3277 755 3332 mortuo
771 3271 870 3332 llonr
893 3263 1263 3346 contemmere
1292 3264 1325 3330 dc

235 3369 302 3446 λεχέ
303 3385 388 3450 εοοι,
421 3365 660 3457 καθηραντεςχ
642 3367 724 3457 χρόα
744 3366 840 3434 καλὸν
860 3366 953 3433 υδατί
981 3387 1015 3432 τε
1036 3373 1135 3456 λιαρῷ
1161 3369 1215 3431 καί
1243 3364 1325 3430 ἀλεί-

236 3476 351 3558 φατι·
374 3465 473 3534 πολλα
497 3469 582 3534 eee’
604 3468 702 3557 ἀμφὶς
727 3468 853 3555 δάκρυα
879 3467 984 3557 θερμὰ
1017 3469 1089 3548 χέον
1113 3470 1230 3597 Δαναοί
1256 3469 1325 3532 καί·

237 3568 344 3664 ροντό
364 3592 398 3636 τε
419 3572 538 3649 χαίτας.

321 3678 368 3737 l'e.
390 3676 443 3737 87.
464 3676 517 3735 88.
560 3672 631 3736 Vid.
651 3693 683 3754 p.
700 3673 750 3737 41.
925 3736 928 3743 ,

322 3778 367 3840 l'e.
390 3777 442 3837 90.
484 3772 566 3835 llale
586 3773 940 3836 editores'recentieres
968 3773 1160 3857 reliquerunt
1187 3773 1326 3855 ineptam

237 3894 346 3940 vocem
368 3868 563 3954 ἐξεπέταοοε,
586 3892 681 3956 qaum
704 3875 876 3936 Brunclrius
898 3881 982 3936 recte
1005 3874 1144 3936 Piersoni
1169 3870 1324 3933 emenda-⁴

188 4041 190 4045 ,
236 3977 354 4040 tionem
392 3973 632 4054 ἐξικίδαοοε
669 3975 839 4056 recepisset
864 3975 888 4036 i.
916 3993 944 4039 e.
971 3977 1139 4058 projiciem-
1164 3969 1325 4056 dtreipuctt.

204 4150 205 4154 ρ
236 4077 320 4152 Quid
342 4077 497 4140 sententia
518 4077 704 4158 postularet,
722 4076 788 4158 J'am
810 4075 960 4138 Ecbanns
977 4074 1094 4138 Hessus
1116 4073 1326 4156 intellexerat,
