2768 4658
529 322 846 412 ‘-ao-

195 516 288 590 illas,
311 531 393 596 qnae
414 512 558 574 Iuntiuae
579 512 739 594 Lipsiensi
761 513 939 593 adscriptae
961 520 1044 587 sunt,
1069 512 1288 594 etpauciores,

151 631 152 634 ’
197 634 275 700 quas
298 635 315 676 e
339 613 408 678 cod.
433 615 471 676 M.
494 613 679 676 Duehnerus
702 633 772 675 cum
784 615 924 676 Amcisio
947 614 1199 678 communicavit.
1221 613 1290 675 lllis

82 755 83 762 ν
195 735 260 781 uon
284 716 394 777 dubito
418 717 492 796 quin
516 715 697 778 simillimae
719 716 754 776 in*
774 715 846 778 cod.
867 734 893 777 r.
924 714 1187 796 legantureuam
1216 733 1288 775 cnm
1358 715 1361 721 '

195 817 313 900 glossis
323 817 552 894 Laurentianis,
576 837 658 900 quae
680 837 718 879 er
739 835 779 879 eo
792 818 903 879 codice
913 815 1046 879 haustae
1057 827 1138 894 sunt,
1154 816 1288 898 ‘glossae
1318 822 1325 828 “

194 919 252 985 lm.
274 919 315 981 acl
337 917 534 992 Theocritca,
556 918 612 979 ubi
633 918 673 980 de
694 917 757 979 illis
780 918 911 991 cunstat,
933 917 1002 980 fere
1023 917 1143 1001 ubique
1156 915 1288 997 conspi-

193 1028 275 1086 rant.
308 1017 424 1092 ‚Quum
445 1019 644 1081 Hermannus
665 1037 767 1100 panca
788 1026 909 1082 tantum
943 1019 1144 1102 excerpserit,
1176 1035 1288 1081 omues

194 1123 334 1205 glossas,
355 1139 436 1204 quae
459 1140 522 1185 nou
545 1140 673 1203 prorsus
695 1119 904 1194 rutilescunt,
926 1121 979 1183 hic
1000 1140 1176 1202 apponam:

203 1261 206 1266 ·
234 1264 238 1273 ·
280 1226 309 1290 4.
341 1219 456 1298 ἔχουσα
483 1216 541 1299 τὴν
566 1218 681 1301 στολὴν
711 1221 851 1285 κυανέαν.
883 1261 918 1274 -
949 1225 977 1287 9.
1007 1211 1075 1284 ’κάτ’
1104 1219 1208 1300 ὀλίγον
1235 1219 1288 1302 (ad

194 1320 327 1403 λεπτὸν).
349 1356 391 1375 ···
425 1324 472 1386 10.
500 1318 568 1408 ao&
597 1325 651 1407 (ad
672 1324 879 1411 cunam-ise.
902 1333 1005 1406 torpet.
1031 1359 1066 1371 ·-
1092 1324 1129 1387 ll
1150 1318 1194 1384 ,τὸ
1217 1319 1288 1405 ἐρυ-

193 1423 278 1511 θρὸν
297 1427 353 1488 τοῦ
365 1425 495 1500 χείλους.
508 1462 549 1474 -
572 1427 622 1489 21.
639 1421 711 1488 ἄνευ
729 1421 890 1488 casallos
910 1419 1123 1502 ὑποδήματος.
1136 1460 1177 1471 -
1199 1421 1288 1484 ulu-

195 1533 328 1615 ρεῖτο,
351 1524 511 1613 ἐκρέματο.
530 1558 575 1579 a·
597 1529 647 1591 29.
670 1523 803 1612 μορφήν.
830 1525 1075 1612 -41.φονικόν.
1088 1563 1127 1576 ·-
1145 1527 1196 1590 42.
1212 1520 1287 1600 τότε
1321 1521 1328 1529 ’

193 1651 289 1712 super
311 1624 438 1705 πάχεας.
462 1665 500 1678 —·
524 1632 575 1696 46.
597 1624 635 1691 τὸ
659 1625 717 1691 σόν
739 1630 790 1711 lad
814 1630 943 1715 φίλαμα(
967 1638 998 1691 et
1019 1625 1080 1708 ζώη
1101 1623 1139 1690 τὸ
1167 1627 1288 1712 φίλαμα

192 1727 231 1794 τὸ
253 1733 373 1808 πνεῦμα
394 1727 466 1796 τεὸν
488 1726 592 1816 §sicet
613 1728 644 1804 ἐς
665 1727 740 1809 tutia
760 1715 848 1814 ἧπαρ
871 1727 960 1818 ἄχρις
980 1727 1044 1794 ἀπὸ
1067 1733 1188 1812 ψυχῆς,
1212 1727 1287 1811 qui-

191 1833 253 1896 bus
275 1851 373 1912 prava
395 1833 562 1895 verborum
587 1834 781 1894 constructio
791 1834 954 1903 indicatur.
978 1868 1018 1880 -·
1041 1836 1091 1898 54.
1103 1830 1207 1895 ἔσεται
1230 1829 1288 1911 lad

112 1942 117 1949 ’
192 1933 225 2008 ἐς
248 1931 282 1996 σὲ
303 1927 480 2018 καὶ”Αρη).
509 1967 553 1980 -*
581 1937 630 1998 57.
659 1931 676 1996 ὁ
709 1929 766 2007 σὸς
793 1954 888 2015 super
915 1931 1029 2009 πόθος.
1058 1970 1099 1982 —-
1132 1936 1187 1999 72.»
1210 1949 1288 1994 aona

191 2035 326 2117 (copel)
348 2030 404 2096 τὸν
417 2029 553 2096 ’Ἄδωνιν
576 2039 683 2116 (super
704 2032 822 2097 νάτθεο
844 2035 911 2117 καὶ)
935 2073 974 2084 -
995 2036 1049 2097 ἵνα
1069 2023 1088 2113 ἧ
1111 2054 1207 2116 super
1227 2031 1286 2096 ἐνι-

193 2132 273 2202 αύεν.
297 2177 337 2188 -
360 2137 411 2200 74.
433 2136 569 2198 ποθεῖ.
591 2133 609 2198 ὁ
632 2132 763 2222 alamno.
792 2170 834 2184 κ-
868 2139 916 2202 78.
947 2128 1137 2221 musitacius.
1166 2171 1204 2183 -
1234 2136 1285 2199 89.

194 2235 456 2320 incinerata,
479 2234 594 2322 δνφιὴς
617 2235 634 2300 ὁ
658 2234 719 2302 δύο
747 2234 856 2324 φύσεις
878 2236 960 2314 ἔχων.
1004 2240 1055 2304 99.
1084 2239 1139 2316 (ad
1160 2232 1285 2318 κώμων)

193 2335 292 2419 ὠδῶν,
315 2340 492 2418 κλαυθμῶν.

202 2502 205 2506 1
275 2441 310 2502 ln
332 2441 382 2501 his
404 2449 469 2502 tam
491 2441 636 2504 tenuibus
661 2449 693 2503 et
715 2445 829 2523 partim
859 2442 1016 2524 perversis
1047 2441 1202 2522 quaedam
1232 2450 1285 2502 ta-

191 2560 264 2603 men
287 2542 392 2602 insunt
413 2562 478 2604 non
501 2543 747 2617 contemnenda,
776 2561 857 2626 quae
879 2551 1012 2624 apparet
1040 2562 1079 2603 ex
1101 2543 1285 2623 antiquiore

190 2642 273 2711 libro
297 2661 441 2704 manasse
464 2644 565 2706 minus
576 2653 748 2724 corrupto.
791 2646 837 2706 lta
860 2645 964 2726 glossa
986 2640 1042 2706 τὸν
1056 2640 1284 2725 ”Assuvttper-

192 2744 270 2807 tinet
292 2745 333 2810 ad
355 2764 462 2806 veram
485 2746 654 2807 lectionem
677 2766 724 2808 νιν
752 2747 783 2807 in
813 2747 884 2810 fam.
914 2745 1012 2826 1.11.,
1040 2748 1209 2824 κλαυθμῶν
1238 2764 1283 2807 rs.
1347 2807 1350 2811 .

174 2847 234 2911 ’99
255 2845 336 2908 adeo
360 2848 399 2908 ad
423 2850 558 2925 κόμμῶν,
582 2850 678 2930 quod·
692 2848 797 2909 nullus
820 2847 922 2909 codex
943 2848 1089 2910 servavit.

202 2987 205 2998 τ
272 2947 591 3012 armunensem
624 2959 749 3029 praeter
769 2949 914 3011 scholion
937 2948 1092 3029 Triclinii‚
1125 2968 1188 3030 quo
1210 2965 1286 3010 car-

190 3050 281 3112 minis
304 3050 345 3114 98
366 3069 475 3112 versus
497 3058 650 3126 numerat,
681 3051 750 3113 has*
769 3052 892 3132 glossas
920 3049 1212 3112 commemoravitz-
1235 3050 1284 3113 12.

189 3148 335 3232 λήψεται,
357 3152 407 3216 46.
430 3154 477 3231 ζῆ,
499 3154 549 3217 59.
565 3151 609 3226 εἰς
629 3148 667 3215 τὸ
690 3152 816 3233 οἴκημα,
837 3153 887 3217 69.
904 3149 1028 3235 ἔρημος,
1051 3153 1099 3215 79.
1115 3148 1283 3235 εἰρωνικὸν,

191 3247 367 3331 συνεγένετό
396 3267 449 3314 σοι
472 3253 524 3336 (ad
545 3250 684 3333 ἐμόχθη(
706 3255 756 3318 85.
777 3253 870 3341 φέρει
892 3260 1001 3334 (super
1021 3250 1209 3336 φορέοισιν),
1230 3253 1282 3317 90.

190 3348 351 3438 νυμφικόν,
374 3350 538 3429 litlintona
553 3357 615 3417 τῶν
635 3351 771 3440 θρήνων,
793 3360 856 3419 τῶν
878 3351 977 3439 ᾠδῶν,
1001 3373 1080 3436 quac
1102 3354 1195 3416 lectio
1218 3355 1283 3415 ite-

190 3476 259 3519 rum
283 3456 496 3538 conjecturam
519 3460 646 3535 κομμῶν
666 3457 781 3519 firmat.

157 3602 159 3607 -
272 3556 395 3618 Nullum
418 3557 534 3618 deinde
556 3559 748 3620 auxilium-a
778 3558 1053 3639 grammaticorum
1083 3575 1283 3618 commemo-

189 3658 375 3730 rationibus,
398 3659 484 3740 quod
506 3659 538 3733 in
562 3659 831 3722 crisiTheocritea
853 3658 939 3720 haud
960 3679 1033 3721 raro
1054 3659 1282 3740 gravissimum.

190 3760 307 3820 Contra
329 3761 539 3820 recentiorum
569 3766 735 3842 politanum
763 3760 968 3833 imitationes,
998 3760 1121 3821 Moschi
1150 3758 1282 3840 potissi·

189 3878 275 3919 mum
299 3866 329 3919 et
350 3861 451 3921 Nonni
476 3861 578 3945 (hujus
601 3861 690 3924 locos
712 3862 884 3943 plerosque
906 3861 1025 3940 primus
1057 3859 1186 3940 contuli]
1218 3858 1282 3918 ali-

190 3959 316 4043 quoties
338 3960 378 4021 ad
400 3961 619 4025 illustrandum
642 3970 674 4025 ct
684 3963 908 4024 restituendum
921 3963 1050 4023 Bionem
1064 3960 1190 4040 egregie
1202 3979 1283 4040 pro-

187 4061 322 4125 inserunt.
