2768 4658
640 340 846 402 -ια-
937 303 1038 372 Ὗ

203 502 371 565 Parthenio
386 502 515 565 restitui.
537 503 680 565 Celerum
694 501 851 567 ιΙο-πολλοὶ
871 507 902 567 in
913 507 1015 568 παῖδα
1032 517 1182 592 corrupto
1198 512 1239 572 cl.
1248 513 1288 573 ad

203 625 247 667 rs.
263 603 312 668 241.
327 603 424 665 Alteri
436 603 607 666 Hermanni
621 608 833 670 emendationi
856 601 1012 693 ὠρύονται
1032 611 1214 690 praeierunt
1235 615 1289 674 in-

202 705 444 786 terpretationes
466 707 609 785 poeticae
631 709 736 770 Vossii
767 709 904 789 ,perne-beu
927 712 969 775 eir
997 712 1156 792 ltonlidpm
1186 713 1289 791 munb’

203 807 248 870 eiu
271 807 438 889 destinor
461 817 493 870 et
514 808 603 884 olim,
629 829 779 888 praesens
802 819 887 886 certe
911 818 1033 890 tempus
1056 812 1287 890 substituendo,

201 906 270 969 Divi
294 914 325 968 et
347 908 468 969 Eobani
491 907 582 970 Hessi
608 910 759 990 »lugent«
795 911 896 985 Quam
909 931 1017 972 veram
1032 911 1148 986 habeo,
1164 915 1287 976 etiamsi

202 1008 347 1088 Galliergi
370 1009 463 1070 leutio
485 1005 650 1096 ὠρύοαντο
680 1013 882 1093 conjecturae
912 1013 1072 1076 debeatur.
1116 1015 1193 1074 Nam
1221 1034 1286 1075 non

200 1110 301 1171 solum
332 1109 433 1170 vicina
466 1130 615 1191 praesens
647 1111 824 1192 requirunt,
856 1113 913 1172 sed
942 1112 1105 1174 meliorum
1134 1114 1285 1177 librorum
1353 1175 1354 1178 ,

181 1210 293 1272 ·lectio
324 1206 481 1292 ὀδύροιντο
509 1212 629 1292 prodit,
663 1207 835 1294 ὀδύρονται
861 1201 1010 1293 seriptum
1040 1215 1155 1290 luisse,
1186 1217 1285 1296 (quod

197 1311 299 1391 ipsum
331 1312 426 1374 Divus
455 1314 569 1392 legisse
595 1314 733 1393 videtur)
762 1313 917 1394 genuinae
958 1315 1103 1377 lectionis
1132 1312 1286 1402 ὠρύονται

198 1412 367 1491 glossema,
389 1413 467 1474 siout
489 1414 520 1474 in
542 1413 615 1474 loeo
638 1413 903 1488 illoTheoeriteo,
926 1415 979 1476 uhi
1000 1433 1102 1496 aeque
1124 1413 1285 1501 ὦρύτοθαι

198 1519 229 1574 ot
250 1514 364 1575 κλαίειν
380 1513 486 1594 juncta
516 1522 602 1590 sunt,
633 1523 754 1594 partem
784 1516 934 1576 librorum
961 1515 1186 1596 interpretatio¹
1206 1514 1285 1580 666

199 1633 294 1698 ραντο
322 1616 496 1696 occuparit.
548 1615 674 1677 Servavi
705 1623 809 1678 autem
836 1622 955 1696 κεῖνον,
984 1635 1163 1699 quanquam
1191 1623 1293 1696 τῆνοςΔ

198 1715 312 1795 legitur
337 1717 384 1780 11.
407 1717 456 1780 76.
501 1714 719 1776 Demonstravi
742 1715 824 1776 enim
849 1718 926 1783 Dial.
949 1718 1024 1782 Dor.
1047 1737 1079 1798 p.-
1098 1721 1161 1783 276
1183 1734 1291 1801 οορρ.,“

93 1802 94 1805 “
172 1811 296 1897 'ipsam
329 1816 496 1896 genuinam
526 1817 676 1878 Doridem
704 1825 1076 1899 utrumqne'pronomen
1102 1839 1282 1900 usurpasse,

196 1923 297 1992 κεῖνος
310 1921 339 1981 in
354 1913 575 1999 longinquiore
587 1917 867 1993 demonstratione,
889 1923 982 1998 τῆνος
992 1920 1023 1979 in
1037 1920 1281 2003 propinquiore}

138 2072 140 2075 .
196 2019 369 2100 aliquando
392 2020 486 2079 eliam
498 2018 666 2080 Theocrito
689 2025 792 2092 κεῖνος
809 2021 985 2084 vindicabo.
1018 2022 1088 2082 Ηοο
1109 2040 1185 2082 vero
1208 2022 1283 2095 loeo

196 2125 298 2193 κεῖνος
319 2119 514 2199 aptissimum
537 2129 591 2179 est*
606 2120 805 2182 doddonide
824 2122 977 2202 promitio
990 2121 1122 2185 desertis
1140 2123 1284 2203 jacentia

196 2214 303 2303 eontra
329 2241 373 2286 vs.
400 2221 445 2284 11.
469 2222 518 2284 76.
541 2223 633 2298 τῆνος
656 2223 801 2302 probum.

281 2328 327 2385 Vs.
356 2327 408 2384 21.
459 2323 625 2385 Librorum
655 2325 746 2385 lectio
775 2319 943 2403 νήττλτκτος
970 2322 1043 2383 ferri
1074 2330 1281 2404 nonpotest,

194 2425 320 2507 quiade
344 2417 465 2505 eapillis
484 2424 549 2504 jam
573 2425 808 2500 auteadirtum3
832 2425 950 2504 primus
962 2424 1153 2486 idEobanus
1163 2425 1283 2486 Hessos

195 2516 313 2598 sensit,·
327 2527 379 2607 qui
402 2525 484 2586 illius
507 2526 578 2586 loeo
592 2527 697 2605 posuit
720 2526 1063 2607 »ineirretaqueeerpus
1081 2525 1278 2592 honestum«

194 2627 338 2687 Bruoekii
355 2626 576 2688 emendatione
596 2621 755 2704 νήττκτος,
778 2646 871 2709 quam
884 2624 1108 2688 Valckenarius
1124 2625 1282 2704 probarit,

193 2726 421 2789 Wakefieldius
433 2727 559 2807 recepit,
575 2719 710 2790 ¹offensio
727 2747 837 2810 parum
850 2735 1039 2802 removetur,
1062 2726 1282 2806 quaredmei-

193 2828 257 2890 si'us
279 2836 310 2890 et
324 2828 522 2890 Hermannus
546 2849 563 2890 ο
584 2830 704 2910 Bergkii
728 2830 909 2912 conjectura
931 2828 1099 2890 ediderunt
1118 2822 1280 2905 νήπεπλος.

193 2930 234 2990 At
256 2935 383 3010 poetam
412 2931 567 2991 Venerem
595 2930 726 2993 linxisse
754 2931 850 3011 peplo
877 2930 1036 3004 indutam,
1065 2948 1139 2990 mox
1166 2930 1216 2991 ad>
1234 2949 1279 2994 vs.

193 3032 233 3094 25
256 3031 490 3095 demonstrabo.
522 3032 630 3114 ltaque
651 3033 762 3113 scripsi
783 3027 997 3110 νήπαοτος,
1018 3030 1105 3112 quod
1126 3049 1145 3091 a
1166 3031 1281 3093 tradita

193 3132 329 3194 lectione
351 3133 445 3195 etiam
467 3133 597 3213 propius
619 3132 722 3206 abest,
745 3133 764 3199 i.
787 3153 814 3198 e.
837 3127 987 3204 ἄπαστος.
1029 3131 1158 3192 luediao
1186 3149 1275 3192 eom-

193 3235 381 3296 memoratio
403 3234 434 3294 in
463 3235 548 3294 luetu
575 3235 784 3296 describendo
815 3234 956 3296 solennis
985 3238 1048 3304 este
1075 3238 1108 3292 ut
1130 3231 1221 3295 Hom.
1242 3231 1282 3307 ll¹

191 3352 219 3413 τ,
244 3336 314 3398 346.
338 3333 397 3398 Od.
420 3335 449 3408 δ,
472 3336 544 3398 788.
567 3335 723 3416 Sopunj.
746 3336 817 3398 324.
858 3334 993 3394 Maxime
1016 3350 1093 3407 vero
1115 3329 1179 3392 hue
1200 3350 1280 3411 por-

193 3418 271 3497 tinet
293 3434 397 3496 inedia
421 3435 541 3498 Cereris
570 3435 669 3497 filiam
698 3440 820 3514 raptam
848 3434 954 3495 multis
984 3431 1145 3494 erroribus
1174 3452 1279 3515 quae-

192 3538 288 3600 rentis
310 3538 402 3602 Hom.
425 3538 456 3602 h.
480 3538 547 3602 Cer.
571 3539 620 3601 49.
643 3536 713 3599 261.
737 3535 813 3599 Call.
837 3534 867 3598 h.
891 3534 958 3598 Cer.
982 3535 1031 3598 12.
1057 3533 1102 3598 16.
1131 3535 1279 3614 (multum

192 3636 320 3701 omnino
344 3640 510 3720 analogiae
532 3640 613 3701 inter
641 3637 764 3700 fabulas
792 3638 833 3699 de
861 3637 1049 3718 Proserpina
1072 3641 1104 3696 et
1125 3637 1164 3696 de
1186 3637 1279 3699 Ado-

120 3734 124 3743 *
192 3741 293 3820 nide),
317 3741 432 3802 deinde
452 3741 537 3802 lonis
560 3740 691 3800 errantis
715 3739 826 3804 Aeseh.
858 3740 962 3804 Prom.
992 3740 1062 3801 575.
1094 3739 1181 3810 601..
1212 3757 1278 3820 po-

190 3850 320 3904 stremo
335 3843 509 3923 Antigonae
529 3858 601 3904 enm
632 3848 720 3921 patre
743 3841 1002 3922 circumvaganlis
1024 3839 1121 3919 Soplr
1144 3839 1222 3904 Oed.
1244 3839 1283 3905 (λ’.

66 4025 71 4034 ⁸
189 3944 259 4008 348.
284 3941 382 4006 molid
405 3941 459 4021 μὲν
479 3942 546 4004 κατ’
567 3939 683 4028 ἀγρίαν
697 3937 806 4021 61ην’
793 3938 902 4016 doeens
918 3944 1103 4020 νηλίπονςτ
1125 3936 1302 4068 ἀλωμένα.

189 4065 283 4128 quem
307 4048 411 4108 lorum
433 4045 490 4106 Bio
513 4047 706 4126 expressisse
726 4044 827 4108 rideri
850 4051 964 4125 potest.
