2768 4658
586 352 712 414 -cu
754 310 805 396 -’

150 535 187 578 ca
208 516 311 577 forma
334 533 409 576 usus
432 520 478 574 est
507 515 567 575 Ala
587 515 639 587 Vl,
670 515 718 579 19.
741 515 824 577 Plan.
850 516 920 591 173,
948 533 1051 596 neque
1072 516 1234 598 antiquior
1311 594 1313 598 .

149 617 243 678 inerit
258 615 519 697 cynegeticorum
531 623 653 689 auctor,
676 617 759 695 apud
783 636 876 696 quern
899 615 1014 696 legitur
1037 619 1064 690 1,
1086 619 1137 680 39.
1161 618 1232 682 238.

148 717 193 779 Nc
215 718 345 779 Nonnus
368 717 493 799 quidem
507 717 633 778 admisit
648 716 731 779 inter
745 723 792 779 tot
809 719 888 779 deae
902 719 1232 790 commemorationes,

149 817 198 878 cui
220 817 311 882 Dion.
333 818 383 890 42,
405 818 467 881 383
490 817 635 878 Graeiius
657 836 675 877 ο
698 817 877 898 conjectura
901 818 1024 879 obtutu,
1051 820 1092 879 Ε
1114 820 1232 882 Latinis

147 918 179 979 in
200 919 349 981 Thesaur.
373 919 507 979 Furcell.
529 918 653 979 unicum
674 918 794 997 Mani—iii
816 921 851 991 2',
883 919 945 982 439
978 920 1154 1001 exemplum
1177 920 1231 981 af-

148 1020 255 1093 fertur,
277 1019 330 1079 ubi
353 1037 434 1079 nunc
451 1018 556 1080 'metro
577 1019 736 1098 flagitante
758 1027 841 1080 recte
861 1017 1021 1099 Cytheram·
1043 1022 1098 1103 sed
1111 1019 1232 1104 Cydam

147 1119 315 1201 aliquoties
332 1119 491 1180 Ausonius
512 1120 675 1200 deturpavit
691 1121 747 1200 Ep.
760 1122 809 1184 39.
824 1123 874 1184 57.
892 1122 971 1196 100;
994 1121 1101 1200 ίίοηυο
1123 1121 1230 1183 nescio

147 1239 189 1282 au
217 1219 321 1282 forma
351 1220 510 1281 vitiosae
533 1221 651 1282 Latinis
681 1222 721 1282 ad
743 1220 934 1283 recentiores
956 1225 1070 1300 pobtas
1093 1221 1231 1283 Graecos

147 1321 416 1383 transmanaverit.
481 1322 541 1382 Vir
574 1321 759 1383 crediderim
790 1322 864 1382 mihi
895 1340 1230 1403 quenquamzcarrneu

147 1420 192 1494 εἰς
212 1420 321 1507 νεκρόν
334 1417 470 1483 ’Άδιυνιν
492 1424 730 1503 oppositurum,
764 1425 848 1503 quod
872 1423 1037 1486 Theocrito
1050 1440 1052 1444 ·
1067 1424 1230 1485 obtrusum

147 1532 203 1598 cst,
226 1542 406 1604 quanquam
427 1523 510 1584 iuter
531 1523 834 1602 ipsaAnacreontica
857 1540 977 1599 recens,
1000 1525 1049 1586 vel
1072 1524 1232 1602 fragmen-

147 1633 211 1686 tum
234 1624 378 1686 inAntb.
401 1625 485 1686 Plan.
509 1625 569 1688 210
581 1623 774 1685 Ιοο.Ῥ1ιι1ουί
796 1622 986 1704 adscriptum
1004 1625 1054 1704 (fr.
1067 1626 1120 1688 31,
1132 1627 1230 1707 agn),

148 1745 256 1805 quum
274 1725 305 1785 in
334 1724 425 1784 Antb.
447 1724 509 1785 Pai.
538 1725 675 1787 auctoris
704 1726 832 1788 nomina
855 1735 968 1790 careat.
1020 1727 1129 1808 itaqua
1150 1727 1229 1807 ejeci
1305 1734 1308 1740 '

147 1840 282 1906 versum,
300 1844 405 1906 'quem
419 1826 561 1887 intulisse
584 1826 717 1900 videtur,
740 1827 846 1905 q'uiin
870 1847 960 1889 versu
984 1837 1137 1909 sequente
1159 1849 1231 1890 ma·-

73 1929 75 1934 ’
147 1933 224 2002 ture,
238 1936 391 2007 corrupto
409 1927 586 2008 subjectum
608 1925 802 1989 desideraret
824 1937 855 1990 et
869 1929 1096 1992 Moscbeiioci·
1111 1916 1231 1992 memor

146 2028 404 2108 florestugentes
427 2036 691 2091 commemoratos
715 2029 817 2090 veliet

225 2135 276 2193 ¹Vu.
299 2133 437 2192 36-38.
481 2132 539 2190 Pro
571 2124 632 2190 ἀνά
661 2131 723 2190 πᾶν
743 2124 860 2204 νάπος,
878 2131 977 2211 ¹quod
999 2131 1229 2194 Wakefieldius

147 2232 318 2294 secundum
341 2231 473 2292 Aldinae
500 2231 613 2311 prioris
641 2230 806 2293 lectionem
830 2237 946 2312 optime
968 2231 1116 2303 restitnit,
1144 2233 1231 2317 Here

147 2352 279 2395 mannus
300 2333 378 2394 dicit
398 2332 545 2395 debuisse
566 2332 659 2393 scribi
682 2340 712 2394 et
735 2332 833 2395 edidit
854 2335 917 2394 πᾶν
938 2325 977 2394 ἀν
995 2328 1104 2406 νάπος
1124 2334 1231 2415 Νυηυο

147 2441 251 2496 tamen
283 2433 460 2515 perspicio,
499 2453 553 2495 cur
582 2433 622 2494 ab
653 2433 779 2513 optimis
809 2433 916 2506 libris,
952 2452 1088 2515 quorum
1118 2435 1231 2497 ductas

145 2533 348 2596 Wakefieldii
378 2535 472 2595 lectio
502 2534 735 2595 accuratissime
765 2535 928 2615 exprimit,
966 2536 1069 2596 recedi
1096 2536 1229 2610 debeam

145 2637 240 2698 immo
264 2640 358 2717 potita
379 2635 524 2697 consulto
546 2635 789 2714 praepositionis
814 2636 1056 2698 collocationem
1068 2636 1099 2696 in
1111 2631 1231 2710 πάντας

146 2733 207 2800 ἀνά
235 2732 356 2815 κυάμοις
386 2744 416 2798 et
445 2730 505 2797 ἀνά
533 2738 596 2796 πᾶν
622 2732 722 2810 νάπος
755 2737 890 2800 variasse
923 2737 1054 2800 videtur.
1106 2739 1230 2799 Deinde

146 2841 344 2902 Hermannus
375 2838 495 2919 recepit
530 2837 653 2898 Luzacii
693 2839 905 2919 conjecturam
944 2835 1041 2900 ἀυτεῖ,
1063 2857 1120 2918 pro
1149 2840 1231 2918 vulg.¹

145 2937 251 3019 ἀείδει,
273 2941 358 3020 quod
382 2940 493 3000 merito
516 2939 652 3019 ineptius
675 2939 775 3000 visum
799 2950 855 3003 est.
900 2941 1101 3021 Optimorum
1125 2947 1231 3003 tamen

145 3041 288 3103 codicum
311 3042 463 3103 lectiones
486 3035 614 3125 οἰκτράν
636 3036 753 3102 ἀείδειν
775 3047 806 3101 et
826 3036 955 3126 οἰκτρόν
976 3037 1092 3102 ἀείδειν
1113 3043 1229 3120 genui-

146 3142 375 3205 nac'iectionis
397 3140 546 3202 indicium
569 3142 697 3221 iaciunt,
732 3143 863 3203 multum
886 3143 1053 3222 avulgata
1076 3143 1231 3215 diremae,

40 3268 46 3274 ·
145 3265 207 3329 qua
229 3262 287 3325 pro
311 3245 442 3324 expulso
465 3243 606 3324 subjecto
629 3239 760 3330 Κυθηρη
783 3244 873 3304 atiud·
889 3243 990 3324 aptius
1012 3242 1229 3307 nanciscimur.

145 3347 228 3408 Cum
245 3340 387 3430 οἰκτρά
411 3340 557 3425 ἀηδών,
587 3351 620 3404 ut
642 3346 774 3417 restitui,
808 3344 846 3406 cf.
869 3343 967 3424 Sopb.
987 3344 1037 3425 Aj,
1058 3345 1130 3408 629.
1147 3343 1229 3406 'otn-

144 3452 223 3529 τρᾶς
248 3441 323 3524 νόον
351 3440 483 3531 όρνιδος
512 3443 646 3525 ἀηδοῦς,
676 3444 787 3524 Aescb.
809 3445 917 3524 Suppi.
939 3446 992 3509 59,
1019 3446 1077 3517 τάς
1097 3444 1230 3529 Τηρσίας

144 3542 273 3628 μήτιδας
294 3545 421 3633 οἰκτρᾶς
450 3543 582 3629 ἀλόχου,
610 3541 799 3631 κιρκηλάτοι’
827 3541 977 3627 ἀηδόνος,
1005 3546 1120 3608 deinde
1142 3547 1231 3627 quud

144 3651 275 3714 luscinia
297 3645 358 3712 ἀνὰ
380 3645 513 3728 κνημοός
535 3656 566 3712 ct
587 3644 669 3727 νάπη
692 3649 809 3712 versari
833 3648 956 3724 dicitur,
978 3647 1075 3727 Sopb.
1098 3647 1176 3708 Oed.
1198 3647 1229 3713 G.

142 3755 211 3817 672.
234 3747 341 3829 ἀηδών
359 3755 495 3833 χλωροῖς
515 3746 578 3813 ἀπό
602 3746 743 3832 βάσσαις,
764 3750 922 3815 Aristdv.
935 3751 1004 3814 737.
1025 3750 1134 3811 Μοῦσα
1154 3751 1230 3820 λοχ-

144 3855 222 3932 μαία
244 3855 381 3931 ποικίλη,
416 3855 486 3931 μεθ’
508 3836 546 3931 ἧς
567 3848 625 3931 ἀνά
646 3847 776 3915 νάπαισι
806 3852 859 3914 καί
879 3857 1036 3936 κορυφαῖς
1058 3845 1230 3932 ἀνδρείαις

104 3975 107 3983 “
142 3975 168 4016 κ.
189 3975 215 4017 τ.
237 3958 271 4027 λ,
294 3955 437 4020 Parthen.
449 3956 501 4016 Er.
524 3956 569 4020 11.
583 3956 634 4032 (ir.
649 3954 818 4035 anatem.)
832 3948 939 4015 κλάίυν
959 3949 1114 4013 ἀδονίδων
1129 3949 1230 4013 δαλο-

145 4052 291 4144 ρώτερον,
313 4055 374 4119 αἵτ’
387 4055 432 4120 ἐνί
448 4051 566 4137 βήσσης
580 4055 709 4138 Σιδονίῳ
732 4050 835 4140 κοόρῳ
856 4052 1039 4138 περιμυρίον
1060 4046 1230 4130 αἰάζουσιν,
