2768 4658
223 348 263 414 IV

225 515 256 575 in
285 534 320 577 re
342 513 469 576 minime
501 513 629 594 vulgare
660 512 739 574 itiud
763 531 860 594 genus
883 514 1061 575 criticorum
1084 519 1207 576 secutus
1229 534 1307 588 sum,

224 615 279 698 qui
301 614 361 677 sibi
383 615 465 677 cauti
487 633 557 675 esse
578 613 737 689 videntur,
768 634 864 697 quum
888 613 1032 695 vulgatae
1054 613 1181 677 lectioni
1204 614 1307 684 unde·

224 715 308 778 unde
331 722 420 777 ortae
441 713 613 777 adhaerent
636 734 737 796 neque
760 714 855 788 hanc,
877 713 936 776 nisi
959 713 1067 776 critico
1090 714 1198 796 aliquo
1219 715 1306 777 mutti

224 815 360 877 nominis
384 820 528 889 auctore,
551 815 731 897 relinquere
754 816 878 877 audent.
920 816 1027 897 Neque
1050 835 1121 878 cum
1144 816 1181 878 iis
1203 816 1307 877 iacere

184 978 187 982 ,
223 924 383 998 poteram,
420 915 472 997 qui
506 914 657 996 optimum
691 914 826 997 aliquem
856 917 970 978 tibrum
999 917 1042 979 ita
1070 916 1307 999 exprimendum

223 1018 355 1090 ducunt,
386 1023 419 1078 ut
449 1014 507 1078 nisi
530 1015 720 1096 gravissimis
743 1017 782 1077 de
805 1018 905 1079 causis
927 1018 968 1078 ab
991 1017 1058 1098 ejus
1080 1016 1142 1079 tide
1165 1037 1229 1078 non
1250 1036 1307 1079 re-

222 1116 346 1179 cedant.
389 1115 458 1178 Hoc
485 1117 567 1177 enirn
599 1124 661 1178 tum
689 1115 813 1178 demum
848 1125 932 1179 recte
954 1116 1005 1190 fit,
1035 1118 1061 1179 si
1084 1119 1220 1199 optimus
1243 1116 1307 1178 ali·
1343 1160 1346 1165 -

222 1217 277 1300 qni
299 1216 401 1279 codex
422 1224 579 1298 superstes
603 1226 680 1295 esta
705 1218 815 1281 Bionei
837 1237 913 1281 vero
936 1217 1092 1291 carminis,
1116 1218 1202 1299 quod
1225 1234 1307 1279 nuno

222 1417 478 1481 Theocriteorum
494 1420 621 1507 qnidam
637 1439 713 1482 sane
728 1420 884 1501 meliores,
907 1420 962 1482 sed
983 1419 1086 1481 nultus
1100 1437 1173 1482 vere
1194 1419 1305 1480 bonus.

221 1519 491 1602 ttaqneprimum
527 1505 648 1584 summa
679 1521 839 1602 diligentia
869 1520 900 1581 id
929 1520 1086 1600 agendum
1119 1519 1242 1593 censui,
1273 1524 1306 1580 ut

221 1621 531 1701 grammaticulorum
571 1629 623 1699 et*
648 1605 819 1704 primosum
859 1622 1012 1685 editorum
1057 1620 1304 1696 correctionibus

220 1721 380 1821 propulsis
402 1720 554 1800 librorum
576 1722 685 1804 paullo
715 1723 920 1807 integriorum
949 1722 1114 1798 lectiones,
1140 1726 1305 1802 corruptas

218 1801 349 1907 quidem
366 1823 574 1908 ,saepissime
596 1823 652 1887 sed
675 1842 694 1886 a
714 1823 851 1907 genuina
874 1827 1106 1904 poetaemauu
1127 1821 1230 1883 minus
1251 1838 1306 1882 re-

221 1919 415 2003 motas‚'³‘-pro
437 1922 643 1986 fundamento
665 1914 834 2001 haberem3
864 1923 978 1985 deinde
1001 1941 1086 1998 sero,
1110 1930 1142 1984 nt
1165 1917 1304 2004 priorum

221 2016 401 2086 criticorum
424 2043 486 2104 ope
499 2026 644 2107 meoque
664 2013 944 2107 quantulocunque
965 2023 1091 2104 ingenio
1107 2043 1181 2085 usus
1197 2042 1214 2083 ο
1229 2041 1306 2084 cor-

216 2124 352 2204 ruptelis
361 2124 517 2210 titanorum
534 2125 701 2193 meliorum
715 2144 805 2187 veras
819 2124 969 2199 lectiones
983 2123 1149 2196 restituere
1162 2139 1304 2185 conarer.

214 2222 344 2306 ¹Reliqui
365 2232 474 2287 autem
493 2224 588 2301 nihii,
618 2215 705 2308 quod
727 2231 822 2307 podia
845 2224 1007 2306 iudignum
1030 2243 1099 2287 esse
1122 2241 1303 2305 persuasum

212 2322 389 2402 haberem„
417 2332 448 2387 et
470 2325 637 2406 aliquoties
660 2326 871 2407 conjecturas,
896 2344 977 2408 quae
999 2324 1184 2399 audaciores
1207 2322 1306 2427 Vide!

221 2424 350 2505 possint,
379 2426 546 2490 admittere
567 2427 664 2489 malui
686 2447 779 2509 qnam
801 2427 887 2489 bono
909 2431 1033 2507 potitae,
1063 2425 1095 2487 id
1119 2425 1205 2508 quod
1228 2419 1305 2485 mtto

214 2518 348 2606 ,quidem
370 2525 611 2601 audacissimum
635 2547 703 2593 esse
726 2526 860 2600 videtur,
882 2526 1038 2608 ineptiora
1058 2525 1243 2589 concedere.

621 2740 897 2756 W—

213 2986 218 2991 .
381 2955 403 3056 j
478 2932 674 3016 antenna·
705 2943 748 3016 et
778 2876 1041 3038 Corrigenda
1233 3026 1236 3031 ,

675 3138 850 3150 *ι*

268 3300 272 3307 .
529 3247 565 3309 11.
605 3247 652 3309 lu
673 3247 813 3309 verbis
834 3248 997 3326 potitae:

217 3384 241 3408 ·-
279 3400 282 3405 -
308 3364 428 3426 11.-84.
449 3363 510 3445 leg.
533 3362 727 3429 πέδιλλον.

511 3519 543 3583 Β.
586 3519 1007 3604 ln·VariaLectione:
1064 3570 1067 3575 .

258 3634 296 3705 4.Ι
313 3631 418 3698 ocimu
433 3636 490 3702 11.
605 3680 607 3687 -
819 3639 868 3704 12.
890 3637 943 3700 καί
965 3655 1027 3700 otu.
1051 3635 1099 3701 11.
1114 3667 1155 3683 -·
1169 3628 1306 3695 'duotore

260 3735 289 3797 5.
313 3727 505 3813 στήθοαΗ.
522 3737 575 3802 18.
777 3739 899 3805 1118.
1040 3750 1043 3755 “
1196 3749 1198 3754 ’
1289 3808 1293 3812 ,

259 3836 289 3899 8.
312 3830 430 3899 ὀδόντα
453 3837 502 3901 ta,
525 3873 564 3886 -
587 3834 669 3902 ἀνιεῖ
694 3841 750 3927 11.,
820 3841 867 3905 13.
889 3834 1019 3915 ζώοντες
1052 3842 1221 3917 (superscr.
1243 3853 1264 3897 o
1286 3852 1305 3896 a

219 3931 290 4014 ἀνιῇ
304 3937 362 4015 18.
775 3959 837 4005 sec.
861 3941 966 4021 mam).
979 3933 1163 4020 -ἄρεοκεν
1185 3935 1234 4003 11.
1346 3969 1348 3972 ⁴

261 4037 309 4103 11.
330 4038 446 4114 χείλους
467 4040 518 4105 23.
542 4042 591 4107 11.
616 4042 666 4107 18.
818 4044 867 4109 14.
880 4033 975 4124 οἶδεν
997 4039 1063 4122 (11.
1087 4037 1151 4118 18.)
1206 4098 1208 4104 .
