2768 4658
590 342 798 404 ..55-

72 464 74 467 1
128 507 325 588 ,[οοοοῖιὶοο
353 506 511 587 Paralipp.
540 526 571 586 p.
602 506 725 570 aet-et
754 512 865 586 postea
891 506 1045 595 *Bergkius
1075 515 1175 587 atque
1200 509 1238 587 Ο,

145 607 355 671 Schneiderus
378 607 409 670 ot
430 608 449 669 δ
470 603 533 669 ὑπὸ
563 607 684 690 μαζοὶ,
699 608 785 688 quod
813 608 967 670 Ameisius
994 613 1082 669 recte
1107 610 1237 690 recepit

144 711 343 773 Iler-mannus
374 709 507 789 intelligi
531 709 625 792 jussit
661 704 863 795 πορφύροντα
900 703 965 770 ὑπὸ
1000 711 1059 769 τοῦ
1091 707 1236 787 αἵματος,

16 825 24 837 ‘
82 818 85 822 “
144 811 324 874 Lobeclrius
353 813 507 891 probante
542 809 706 872 Dindorfio
735 805 799 872 6αό
836 846 877 857 -
913 803 1117 895 coepbporco
1135 811 1236 891 :tmesi

146 913 355 976 audacissime
377 921 408 974 et
429 912 603 977 sententiae
625 913 686 975 vim
700 913 894 974 debilitante.
924 911 1019 973 Unice
1041 913 1236 975 vereAmei-

127 995 454 1094 'sius‘inte'rpretatus
477 1021 524 1075 est
549 1014 674 1075 »subter
696 1023 800 1081 antem
823 1031 979 1074 mammae
1006 1046 1047 1063 -
1075 1032 1234 1094 purpureo

146 1115 256 1177 colore
277 1114 525 1197 efficiebantur,«
549 1135 607 1176 nec
640 1115 775 1175 latuerat
801 1114 974 1193 Briggsium
1001 1109 1066 1189 ort
1084 1112 1236 1192 oen-‘lbere

147 1215 208 1300 (vel
231 1211 376 1296 στήθεσι)
399 1216 638 1298 intelligendum
660 1233 747 1289 esse;
767 1214 849 1275 adeo
870 1214 936 1295 jam
948 1215 1099 1278 Eobauus
1117 1216 1235 1280 Hessius

145 1317 319 1380 rectissime
343 1324 393 1378 »et
415 1319 526 1379 niveae
549 1317 709 1397 quondam
729 1316 790 1376 sub
802 1322 931 1396 pectore
942 1334 1127 1391 mammae«
1141 1338 1234 1398 quem

33 1458 35 1462 ι
146 1427 277 1498 apparet
298 1414 371 1481 ,ὑπὸ
403 1418 497 1496 μαζοὶ
523 1419 672 1498 scriptum
703 1416 848 1483 voluisse.
898 1417 976 1478 Nom
993 1412 1108 1495 ’στή6η
1136 1423 1233 1499 polito
1315 1455 1317 1460 ·

145 1520 245 1586 voluit
267 1521 463 1603 superiorem
486 1519 622 1601 pectoris
645 1525 765 1598 partem
787 1518 941 1589 esseest
962 1519 1077 1581 Pollon
1102 1520 1132 1593 2,
1164 1521 1233 1594 162,

145 1621 199 1682 ubi
221 1623 367 1705 superior
389 1641 460 1703 pars
481 1615 629 1702 θώρακος
651 1620 761 1681 αἰτίαιν
783 1620 918 1697 στῆθος,
939 1620 1071 1682 inferior
1097 1618 1234 1706 στέρνον,

71 1732 73 1739 ·
146 1722 255 1783 addito
287 1721 338 1785 ἐαῖ
370 1721 405 1784 δὲ
436 1728 506 1796 τοῖς
538 1719 678 1807 στέρνοις
706 1721 829 1800 peccel.
879 1722 925 1790 De
954 1722 1060 1784 dativo
1084 1717 1234 1784 Ἃδώνιδι
1331 1798 1334 1802 ⁴

66 1821 68 1823 ’
142 1833 267 1908 propter
286 1823 464 1900 Adentdem,
493 1830 526 1885 ι’νι
546 1821 690 1885 Adonidis
710 1821 852 1884 bonorem
877 1822 917 1885 el
940 1823 1122 1904 Bernhardy
1146 1825 1232 1905 bibiti

146 1925 247 2007 &tut
270 1947 301 2006 p
322 1927 373 2001 86,
397 1927 448 2007 qui
470 1945 548 1986 unus
572 1926 708 1986 sensisse
736 1925 858 1986 videtur
875 1925 948 2034 Not
958 1926 1027 1996 39,
1057 1925 1120 1994 boc
1140 1938 1233 1989 versu

145 2026 304 2107 planctum
329 2027 369 2087 de
391 2027 535 2088 Adonide
557 2024 704 2089 describi.
783 2060 785 2065 ·
869 2061 884 2100 ,ἶ

229 2127 294 2189 lam
318 2128 401 2190 satis
416 2135 562 2208 apparet,
591 2146 685 2210 quam
707 2136 792 2189 recte
813 2128 846 2188 in
873 2126 924 2188 ed.
948 2127 1070 2188 Teubu.
1097 2117 1171 2205 εἷμα
1201 2137 1233 2191 et

144 2232 255 2315 χειρῶν
277 2229 468 2291 ediderimus
490 2250 548 2310 pro
571 2218 651 2306 αιμα
673 2236 704 2290 et
726 2232 841 2314 μηρῶν,
864 2247 959 2311 quae
967 2249 1061 2292 voces
1080 2229 1232 2292 librario-

145 2351 214 2391 rum
237 2332 385 2393 socordia
408 2351 425 2393 e
447 2330 709 2412 praecedentibus
735 2330 799 2392 huc
825 2330 995 2393 translatae
1024 2338 1104 2394 suut.
1145 2331 1234 2394 Con-

143 2431 250 2493 firmat
271 2433 523 2494 emendationem
546 2421 620 2510 αἷμα
642 2433 772 2493 verbum
802 2431 1006 2518 αἰωρεῖσθαι,
1033 2435 1120 2516 qood
1149 2453 1260 2496 nunc*

146 2534 271 2595 denrmm
293 2533 425 2613 intelligi
448 2542 560 2614 potest.
603 2533 786 2596 Rectissime
808 2535 890 2594 enim
921 2540 953 2594 et
980 2534 1086 2615 glossa
1114 2535 1146 2595 in
1165 2535 1233 2596 lm.
1295 2577 1301 2590 .

146 2641 177 2693 et
198 2634 376 2716 Hesychius
400 2630 538 2721 ᾐωρεῖτο
565 2635 808 2716 interpretantur
836 2632 1003 2722 ἐκρέματο,
1033 2637 1086 2698 etz
1101 2637 1233 2700 Tbeocr.

144 2735 247 2811 xxlt,
270 2738 320 2801 51.
349 2734 427 2823 ὑπὲρ
454 2742 569 2799 νωτοῖο
598 2736 652 2798 καὶ
681 2731 814 2811 uirgineo
833 2733 969 2822 ᾐωρεῖτο
1000 2732 1105 2820 ἄκρων
1131 2736 1233 2823 δέρμα

144 2832 269 2921 idoncos
291 2833 472 2922 ἅφημμένον
493 2836 526 2901 ἐκ
547 2833 712 2901 αοδεώνων
734 2846 765 2900 et
786 2838 907 2900 Herod.
930 2841 959 2912 7,
981 2840 1034 2903 92.
1053 2835 1141 2918 αἰνὸς
1162 2837 1232 2926 δέρ-

145 2957 229 3014 ματα
250 2940 322 3026 περὶ
342 2937 416 3015 τοὺς
438 2936 541 3020 ὤμους
563 2934 766 3022 αἰωρούμενα.
808 2939 848 3001 Et
870 2940 991 3013 mirum,
1015 2961 1109 3022 quam
1128 2961 1232 3064 prope

51 3099 53 3103 .
90 3073 93 3077 ·
145 3039 287 3103 Graefius
310 3044 357 3121 (ut
378 3063 461 3104 nunc
490 3043 598 3121 video)
627 3061 646 3104 a
673 3060 750 3103 vero
780 3039 935 3114 ablueritp
964 3043 1018 3123 qui
1047 3043 1113 3104 sic:
1139 3033 1234 3121 »ειμα

144 3150 253 3223 posset
275 3143 335 3203 diei
357 3142 561 3230 αἰωρεῖσθαι,
590 3163 653 3205 non
677 3131 785 3220 cipe«
830 3141 1023 3204 Describitur
1050 3145 1187 3204 autem
1174 3165 1233 3225 Ju-

145 3252 210 3306 stus
239 3245 369 3307 Veneris
407 3245 583 3326 plangentis
613 3243 750 3306 babitus.
801 3243 902 3317 Quem
935 3263 1030 3323 quum
1060 3248 1170 3324 poeta,
1200 3253 1234 3306 ut

145 3344 315 3408 docuimus
331 3367 427 3428 supra
450 3369 479 3427 p
492 3349 533 3411 36
546 3347 640 3409 talem
663 3345 798 3417 finxerit,
820 3343 906 3424 quali
930 3343 1077 3407 muheres
1087 3347 1234 3408 Adoura

143 3464 237 3508 zusae
259 3448 443 3523 utebantur,
468 3451 507 3511 de
530 3449 579 3511 bis
601 3454 724 3508 constat
746 3466 764 3506 e
785 3444 918 3508 Theocr.
947 3444 1015 3519 XV,
1040 3447 1109 3511 134.
1138 3443 1233 3509 λυσα-

144 3561 198 3609 σαι
221 3545 256 3609 δὲ
278 3543 379 3627 κόμαν
399 3550 454 3613 καὶ
473 3547 524 3612 ἐπὶ
544 3544 651 3635 σφυρὰ
672 3541 789 3610 κόλπον
810 3542 937 3609 ἀνοῖσαι
958 3542 1090 3626 στήθεσι
1118 3571 1234 3634 φαινο-

143 3646 254 3728 μένοις.
286 3651 362 3712 Erat
383 3659 488 3713 autem
511 3652 640 3712 omnino
663 3650 714 3712 hic
734 3650 861 3712 habitus
878 3649 1041 3712 mulierum
1057 3651 1234 3714 vehemen-

143 3752 264 3813 tissimo
288 3753 401 3815 dolore
422 3752 647 3834 plangentium,
670 3752 709 3813 ct.
730 3751 965 3833 EuripPhoen.
991 3753 1072 3816 1496
1093 3753 1149 3834 (de
1165 3755 1234 3812 An·
1285 3814 1288 3819 ,

46 3853 48 3860 ’
143 3851 250 3932 tigone
263 3853 392 3916 fratrem
405 3862 560 3917 mortuum
571 3855 755 3935 plangente)
770 3854 901 3916 ocottbo
915 3849 1108 3938 spendescere
1122 3849 1233 3914 ἀνεῖσα

141 3957 273 4040 τροφᾶς,
296 3956 405 4020 Senec-
428 3957 544 4018 Troad.
566 3957 617 4020 69.
637 3963 717 4018 necte
738 3962 862 4019 remissa
880 3952 1045 4038 substringe
1065 3960 1147 4015 sinus
1168 3963 1236 4017 ute-

144 4077 240 4143 roque
267 4067 350 4122 tenus
378 4066 501 4142 pateant
534 4066 625 4121 artus.
676 4059 765 4121 Hanc
799 4057 892 4138 igitur
925 4067 1042 4119 restem
1070 4058 1235 4121 remissam
