2768 4658
600 346 723 408 ,235
766 376 807 394 ..

143 500 492 607 ¹llirpil.·Vlll‚]<-:inuipe
514 512 832 607 Maenaliosmccum
846 518 926 587 mea
948 511 1027 586 tibit-
1042 532 1160 577 rursus.

392 615 498 676 ducite
525 615 565 675 ab
594 614 671 702 urbe
699 614 827 703 domum
857 633 926 675 mea
953 615 1108 688 carmina,
1141 615 1245 676 ducite

1004 717 1161 797 Daphnin.

154 816 367 897 Calpurnxl.
392 824 496 879 cantet
517 823 602 878 amat
624 818 710 899 quod
734 817 884 898 quisque;
919 816 1024 880 levant
1054 825 1084 878 et
1106 818 1246 877 carmina
1336 843 1340 851 ·

109 975 115 980 .
1061 937 1161 979 curas.

104 1073 105 1076 ,
152 1019 254 1080 Etiam
270 1020 317 1078 'in
338 1016 460 1080 Valerii
489 1016 617 1081 Catonis
639 1018 740 1095 Diris,
756 1010 859 1101 'quod
888 1037 1013 1080 carmen
1043 1019 1149 1100 aliquo
1175 1019 1246 1100 juro

152 1122 235 1182 inter
256 1119 400 1182 bucolica
420 1122 581 1183 numerari
599 1128 724 1202 potest,
755 1120 859 1202 major
878 1140 952 1201 pars
975 1125 1122 1183 versuum
1145 1120 1247 1182 iuter-

154 1221 303 1283 calarium
336 1222 369 1281 in
403 1223 506 1284 varias
541 1222 673 1285 formas
697 1221 1169 1283 mutatarum‘admonitionem
1198 1221 1261 1283 vel
1366 1255 1368 1264 ·

155 1322 347 1403 optationem
377 1323 525 1384 continet.
587 1323 733 1386 Ceterum
754 1321 807 1384 hic
829 1322 1017 1384 Theocriteo
1048 1324 1247 1401 more'pro-

153 1424 318 1507 hymnium
341 1425 515 1507 praemisit.

237 1525 269 1586 Si
296 1513 374 1587 nero
402 1543 606 1607 quaeramus,
635 1526 689 1608 qui
721 1525 895 1606 ephymniis
925 1525 986 1585 illis
1009 1525 1247 1604 compellentur,

154 1627 288 1706 primum
321 1645 386 1686 non
415 1625 615 1699 mirabimur.
651 1627 737 1708 quod
764 1645 861 1707 saepe
888 1626 945 1685 bet
976 1625 1180 1700 invocantem
1213 1632 1248 1687 ut

154 1729 257 1789 adsint
286 1727 317 1788 in
348 1747 386 1789 eo
419 1729 505 1808 quod
528 1728 637 1808 agitur.
680 1726 969 1788 Eo‘bucolicorum
993 1742 1121 1809 quoque
1144 1726 1248 1788 Grae-

154 1847 263 1890 corum
287 1809 438 1910 pleraque
468 1829 637 1912 ephymnia
659 1829 826 1910 pertinent.
869 1829 945 1890 Aliis
979 1827 1124 1890 homines
1154 1847 1246 1888 cum-

155 1930 332 2011 pellantur,
370 1932 523 2012 equibus
554 1932 595 1992 id·
616 1951 715 2010 genus
738 1928 989 2011 antiquissimum
1015 1949 1083 1990 esse
1113 1930 1245 2004 videtur,

154 2032 207 2093 ubi
236 2030 409 2112 ephymuio
443 2038 482 2095 ad
513 2033 753 2095 lamentationes
780 2032 831 2093 vel
860 2031 955 2091 aliam
985 2031 1246 2092 acclamationem

154 2132 315 2205 excitatur,
346 2141 380 2195 nt
401 2133 436 2195 fit
457 2135 488 2194 in
511 2133 695 2214 Aeschyleis
718 2133 838 2195 ellenon
858 2131 978 2193 ellenon
999 2129 1065 2193 εἰπέ
1085 2166 1128 2175 -
1150 2126 1247 2214 εὐφα-

154 2242 240 2312 μεῖτε
271 2231 307 2296 δὲ
334 2240 527 2320 χωρῖται-
551 2229 722 2310 ὀλολύξατε
749 2237 804 2294 νῦν
832 2231 883 2294 ἐπὶ
910 2237 1048 2311 μολπαῖς
1077 2240 1107 2294 et
1135 2233 1165 2293 in
1188 2233 1246 2294 illu

104 2382 106 2385 -
154 2333 309 2413 tettae,
339 2336 425 2417 quod
460 2335 640 2415 conjectura
671 2335 806 2396 assecuti
829 2341 911 2394 sunt.
967 2334 1153 2394 Welclrerns
1176 2334 1246 2395 l.·c.

152 2437 216 2498 ho'c
238 2435 458 2517 epiphonema,
488 2435 665 2518 Aeschyleo
688 2435 744 2496 illo
766 2435 868 2516 primo
891 2435 1020 2509 collato,
1049 2434 1093 2496 ita
1115 2433 1248 2516 intelligi

152 2538 266 2611 voluit.
301 2544 334 2599 ut
365 2533 383 2599 ὁ
405 2532 547 2622 ἐξάρχων
566 2539 624 2600 τοῦ
646 2532 722 2617 γόου
750 2537 892 2618 reliquos
922 2536 961 2597 ad
986 2536 1247 2598 acclamationem

151 2640 316 2720 lugubrem
339 2640 530 2702 excitaverit.
562 2643 602 2701 At
624 2640 709 2720 apud
731 2637 918 2722 Aeschylum
941 2637 992 2699 vix
1015 2637 1166 2700 credibile
1189 2643 1245 2712 est,

151 2753 216 2802 non
239 2734 493 2809 totumchorum
522 2740 576 2802 illa
599 2741 769 2822 epbpmma
798 2738 960 2812 accinere;
989 2758 1088 2819 quare
1117 2738 1247 2799 credere

151 2841 270 2922 malim,
294 2839 426 2901 chorum
447 2839 507 2902 illis
530 2841 674 2902 formulis
698 2858 733 2902 sc
754 2838 888 2903 vicissim
912 2838 952 2899 ad
966 2838 1163 2900 clamandum
1187 2856 1247 2898 cx-

154 2942 283 3013 citasse,
314 2940 471 3020 frequenti
493 2956 570 3002 vero
594 2960 651 3002 usu
674 2939 793 3001 lactum
816 2959 900 3012 esse,
929 2946 963 3000 ut
984 2938 1163 3001 exhortatio
1187 2958 1246 3018 pro

151 3041 223 3123 ipsa
245 3039 472 3102 acclamatione
500 3040 705 3120 acciperetur.
756 3041 790 3102 ln
817 3041 1089 3122 paraclausithyro
1117 3040 1246 3102 Aristo-

152 3143 281 3224 phaneo
314 3140 517 3225 ephymnium
546 3141 686 3222 puellam
716 3150 851 3203 amatam
875 3141 1032 3222 appellat,
1064 3142 1095 3201 in
1119 3140 1246 3203 Catonis

152 3245 234 3306 Diris
267 3263 342 3325 pars
375 3244 625 3328 'ophymniorum
657 3244 818 3305 Battarnm
856 3243 1022 3304 tibicinem.
1065 3241 1135 3303 Alia
1162 3243 1245 3303 adeo

153 3346 360 3427 alloquuntur
379 3346 597 3418 instrumenta,
620 3364 752 3428 quornm
775 3345 826 3406 vel
848 3345 880 3405 in
904 3351 995 3406 cantu
1018 3351 1124 3425 partes
1147 3352 1246 3417 crant,
1290 3425 1292 3429 Ι

152 3444 202 3510 vel
223 3449 256 3508 in
279 3452 373 3510 ea're
396 3465 478 3528 quae
500 3447 660 3530 agebatur,
676 3440 911 3508 'utTheocnlh
928 3445 1023 3525 luppo,
1045 3445 1153 3525 Virgil.
1166 3442 1245 3504 Vlll.
1355 3500 1358 3506 .

151 3547 262 3622 tibiam
293 3549 327 3608 in
349 3548 432 3609 Diris
454 3550 553 3610 semol
571 3547 712 3631 flamiam,
746 3555 810 3609 tum
839 3549 925 3628 Virg.
949 3547 1026 3607 Vlll.
1057 3552 1087 3608 et
1108 3547 1140 3606 in
1162 3546 1246 3606 Diris

153 3649 322 3730 aliquoties
357 3655 489 3711 cannino
525 3649 605 3728 ipsa.
663 3648 849 3727 Calpurnius
881 3653 912 3708 et
939 3648 1057 3708 Auctor
1088 3645 1246 3725 Pervigitii

150 3750 281 3814 Veneris
308 3749 348 3811 ab
377 3750 507 3830 antiquo
539 3748 783 3829 ephymniorum
810 3747 953 3809 instituto
983 3767 1021 3810 eo
1049 3747 1244 3827 aberrarunt,

150 3851 244 3915 utils
267 3850 439 3914 sententias
461 3870 647 3912 communes
669 3849 921 3931 pronuntiarent.
