2768 4658
581 341 706 435 ...43
749 377 782 386 .-

143 509 369 587 sententiarum
391 507 606 589 responsione,
623 513 654 567 et
682 504 928 586 ephymniorurn
954 511 1031 584 apta
1058 492 1236 593 variatione,

142 611 272 689 minime
293 609 447 673 sollicitus
468 609 503 670 id
530 628 625 671 unum
649 606 725 688 egit,
755 612 788 667 ut
816 605 978 666 metricam
998 606 1149 686 aliquam
1176 625 1233 668 rc-

143 711 349 792 spo'nsioncm
382 711 570 776 restitueret.
620 705 773 770 Distinxit-
804 713 908 769 autem
938 725 1053 769 novem
1083 705 1233 785 strophas

142 812 203 878 hos
231 831 380 895 numeros
407 831 555 877 versuum
583 808 781 889 complexas:
811 809 839 870 5.
869 807 917 873 10.
947 808 995 872 10.
1024 809 1074 875 10.
1104 808 1154 872 10.
1174 808 1234 876 ‘25-

143 914 193 993 25·
217 916 247 978 7.
270 916 309 988 7.,
332 932 440 975 versus
457 913 665 974 *intercalares
688 928 832 993 quosque
854 909 895 971 ad
915 911 1080 989 sequentia
1097 907 1233 971 trahens.

142 1015 254 1097 Neque
277 1023 383 1077 tamen
405 1014 437 1076 id
459 1014 519 1084 uisi
542 1012 768 1076 violentissime
791 1009 917 1073 efficere
942 1011 1055 1090 potuit.
1096 1009 1236 1075 Primum

144 1116 203 1178 has
233 1116 369 1184 lacunas*
397 1115 521 1178 statuit:
537 1194 540 1199 Ι
553 1122 626 1194 post
653 1136 697 1179 vs.
728 1115 747 1179 6
770 1114 860 1175 unius
882 1131 1009 1186 versus,
1039 1119 1112 1193 post
1127 1130 1171 1175 vs.
1194 1110 1236 1174 24

142 1223 263 1298 septem
285 1235 447 1297 versuum,
471 1236 489 1277 e
512 1217 625 1298 quibus
647 1235 770 1298 versum
794 1213 1014 1277 intercalarem
1034 1214 1076 1300 de
1098 1232 1156 1277 suc
1178 1231 1235 1272 re-

143 1319 256 1392 stituit,
279 1318 312 1378 in
334 1318 441 1381 medio
466 1340 509 1381 rs.
532 1320 572 1382 70
595 1317 855 1380 lacunam'unius
879 1335 987 1380 versus
1008 1317 1144 1396 spatium
1174 1335 1235 1377 ex·
1344 1401 1346 1405 ,

112 1429 114 1434 '
143 1420 295 1501 plantem,
317 1419 391 1481 item
413 1420 447 1481 iu
469 1440 513 1482 va
536 1423 587 1495 75,
609 1426 684 1500 post
705 1440 749 1481 vs.
772 1419 812 1482 76
836 1415 926 1478 unius
950 1437 1067 1479 versus.
1110 1414 1234 1477 Inrldu.

144 1517 216 1582 Crit.
250 1520 457 1595 docebimus,
498 1519 618 1581 nullam
651 1539 690 1580 ex
722 1519 772 1579 his
805 1519 924 1580 lacunis
957 1519 1128 1601 quidquam
1154 1522 1234 1597 pro·-

144 1619 316 1688 babilitatis
344 1619 481 1695 habere,
512 1621 593 1682 adeo
622 1621 782 1702 plerisque
807 1622 844 1682 *iu
875 1622 953 1683 locis
983 1620 1022 1682 ab
1051 1619 1235 1681 Hermanno

145 1722 267 1785 divulsa
289 1742 368 1796 esse,
392 1740 473 1805 quae
495 1720 670 1796 arctissimo
694 1722 1006 1786 sententiaevinculo
1023 1722 1133 1804 juncta
1155 1725 1236 1783 sunt.

143 1824 231 1886 Idem
252 1823 321 1885 fieri
343 1843 435 1886 versu
458 1823 645 1899 intercalari,
669 1844 762 1906 quem
787 1833 858 1905 post
879 1845 924 1888 us.
946 1826 987 1889 94
1009 1823 1149 1896 inseruit,
1168 1822 1234 1902 jam

91 1975 100 1991 .
145 1931 239 2005 supra
256 1925 329 1987 satis
352 1924 601 1986 demonstratum
624 1933 680 1987 cst.
722 1927 888 1988 Praeterea
911 1922 1105 2005 transposuit
1127 1941 1236 1985 versus

144 2027 194 2094 37.
217 2026 280 2102 38,
311 2033 344 2087 ut
370 2025 426 2088 ille
452 2046 510 2107 pro
538 2026 716 2089 intercalari
743 2034 836 2109 esset,
859 2035 891 2089 et
914 2027 1008 2108 ejecit
1037 2045 1080 2089 vs.
1110 2025 1166 2097 67,
1195 2023 1235 2084 de

146 2129 259 2210 quibus
281 2128 314 2189 iu
335 2129 415 2190 adn.
436 2127 513 2192 erit.
537 2129 685 2192 dicemus.
724 2206 726 2216 .

443 2755 505 2833 De
538 2753 730 2833 carminis
763 2753 950 2834 dialecto.

606 2945 781 2954 ——-—---

230 3039 372 3112 Carmen,
396 3049 429 3102 ut
450 3042 482 3101 in
504 3040 592 3103 libris
611 3042 760 3105 traditum
778 3049 833 3116 est,
857 3039 1034 3104 incredibili
1048 3041 1237 3103 dialectiin-

147 3141 323 3206 constantia
344 3141 480 3217 laborat,
514 3143 615 3217 Quam
638 3143 694 3226 qui
715 3143 826 3205 tollere
843 3145 1040 3216 studuerunt,
1063 3144 1237 3206 Brunclrius

147 3244 346 3327 potissimum
369 3251 399 3307 et
422 3244 457 3306 G.
480 3246 697 3320 Hermannus,
727 3244 858 3306 lubitum
888 3244 995 3325 potius
1018 3263 1114 3327 quam
1136 3252 1237 3307 certas

148 3345 287 3408 rationes
319 3346 417 3409 secuti
445 3354 526 3409 sunt.
574 3349 723 3408 Attamen
746 3365 783 3408 ea
812 3347 972 3429 quaestio,
1001 3365 1182 3428 quanquam
1203 3348 1237 3409 in

147 3449 265 3512 misero
278 3445 431 3510 librorum
449 3456 533 3511 statu
549 3447 692 3528 maximis
705 3448 942 3530 difficultatibus
963 3448 1123 3528 impedita,
1140 3449 1236 3530 digna

148 3557 195 3627 est
217 3567 300 3630 quae
322 3549 488 3630 diligenter
510 3557 669 3612 tractetur.

233 3649 404 3713 Ordiamur
422 3650 517 3726 igitur
531 3650 570 3711 ab
589 3669 627 3712 eo
647 3650 732 3730 qnod
750 3650 781 3710 in
794 3650 939 3713 carminis
952 3649 1088 3713 dialecto
1102 3651 1237 3713 maxime

147 3749 290 3816 notabile
312 3758 368 3815 est.
411 3753 510 3815 Petita
531 3753 613 3813 enim
636 3772 654 3814 e
678 3752 814 3814 dialecto
836 3752 965 3814 Aeolica
987 3772 1050 3813 nnn
1072 3752 1176 3814 solum
1200 3773 1238 3816 ea

148 3852 284 3924 admisit,
313 3853 427 3934 quibus
449 3853 543 3914 etiam
565 3853 750 3917 Theocritus
773 3873 847 3916 usus
877 3861 933 3927 est,
964 3862 997 3914 ut
1018 3851 1156 3932 λέγοισαι
1176 3855 1237 3928 94..

147 3956 266 4019 Μοῖσαι
287 3956 357 4030 96..,
379 3951 558 4040 insequenda
579 3955 630 4030 83,
660 3955 717 4016 sed
745 3956 840 4017 etiam
870 3955 931 4017 alia
957 3956 1128 4036 quaedam,
1156 3974 1238 4036 quae
1333 3972 1355 4044 J

148 4073 169 4134 a
183 4054 321 4125 dialecto.
330 4056 517 4123 Theocritea
528 4057 631 4129 alicua
645 4063 718 4129 snut
729 4054 780 4140 (dc
795 4057 889 4140 hujus
900 4058 1089 4123 carminibus
1100 4056 1238 4119 Acolicis
