2768 4658
594 369 719 433 ..76
760 402 802 414 .-

150 533 320 615 punctione
341 532 374 595 in
395 534 476 614 pede
499 533 608 615 quinto
621 532 778 608 laborant,
799 535 884 614 apud
896 535 1025 598 Bionem
1038 537 1088 599 vix
1099 537 1240 607 ferenda.
1331 590 1334 596 Δ

150 634 348 722 Hermannus
371 643 475 698 autem
499 654 596 715 quum
618 643 704 697 reete
725 634 892 710 sensisset,
920 636 1054 700 similem
1083 637 1132 701 his
1159 656 1239 702 een·
1308 718 1310 723 Ι

151 735 279 814 tentiam
304 735 458 798 contineri
480 744 574 816 alque
595 736 628 796 in
652 735 748 800 vs.42
768 755 869 819 seqq,
890 757 954 801 nou
976 736 1112 800 debebat
1133 739 1238 803 Musas

148 835 327 899 Adonidem
348 835 531 902 invocantes
561 838 666 900 facere
689 830 723 898 ut
751 843 901 900 maneret.
945 837 1059 900 Veneri
1082 840 1114 900 in
1131 840 1238 905 ‘altero

148 937 222 1010 loon
244 937 278 999 id
300 937 522 1025 conveniebat,
551 959 647 1019 quum
669 939 790 1001 Adonis
819 948 884 1003 tum
907 939 1111 1002 moribundus
1133 942 1238 1022 potius

150 1039 311 1113 videretur
332 1057 426 1120 quam
449 1045 600 1100 mortuus.
645 1039 709 1101 lam
741 1059 817 1102 vero
847 1045 990 1102 mortuus
1020 1047 1068 1102 est
1095 1047 1126 1102 et
1152 1043 1239 1123 apud

45 1149 51 1162 ·
149 1138 270 1206 inferos
292 1134 445 1216 versatur,
469 1151 501 1206 ut
523 1139 849 1222 potiusrevoeandus
871 1139 915 1202 sit·
933 1159 1028 1221 qnam
1046 1143 1237 1207 retinendus.

148 1240 227 1302 Eam
266 1243 453 1306 sententiam
492 1241 552 1303 levi
585 1240 758 1302 mutatione
796 1241 932 1303 restitui:
984 1237 1239 1306 &aunisimau

149 1340 177 1402 δ’
192 1336 358 1410 Ἄδωνιν
379 1343 447 1407 καί
468 1364 529 1422 μιν
549 1339 808 1407 lunationum.
852 1343 967 1404 Poetae
990 1343 1073 1404 enim
1095 1344 1238 1406 Alexan·

74 1454 81 1459 “
148 1441 230 1505 drini
251 1444 348 1506 verbo
371 1445 460 1508 κλείω
482 1437 660 1525 prosatio
672 1450 811 1520 utuntur,
834 1443 871 1504 el.
886 1443 1100 1517 Theseumlv.
1112 1466 1143 1526 p.
1156 1446 1237 1513 1616

147 1550 181 1607 et
212 1544 348 1617 maxime
374 1542 535 1608 ἓττκλείετν
559 1550 699 1609 invocare
723 1543 829 1625 Apoll.
861 1543 934 1623 Arg.
957 1544 987 1618 2,
1010 1547 1080 1610 700.
1111 1548 1140 1618 3,
1164 1548 1235 1612 553.
1283 1612 1285 1614 ,

142 1639 426 1730 Ἀνακαλεῐνγτατο
448 1647 500 1709 vel
520 1641 750 1708 ἀνακαλεῖσθαι
771 1644 930 1716 dicuntur,
961 1645 1014 1725 qni
1036 1645 1174 1728 aliquem
1197 1669 1237 1713 ex

148 1745 258 1808 inferis
287 1749 319 1809 in
347 1748 449 1810 lucem
480 1754 614 1810 evocant
644 1747 692 1810 vel
727 1753 894 1816 revocant,
922 1744 961 1807 ei.
984 1746 1088 1827 Apoll.
1110 1748 1139 1822 3,
1162 1748 1235 1813 861.
1295 1787 1301 1792 ·

149 1846 241 1912 1212.
263 1847 374 1911 Aeson,
396 1849 479 1910 Pers.
501 1848 573 1912 624.
595 1847 652 1927 Ag.
676 1844 735 1909 981
760 1858 847 1926 seqq.
870 1845 975 1906 Herm.
1018 1848 1238 1911 Revnoabatur

146 1956 253 2011 autem
276 1948 550 2024 incantationibus,
583 1943 731 2030 ἐπῳδαῖς,
760 1951 794 2007 ut
822 1945 858 2006 fit
886 1946 917 2007 in
940 1945 1040 2010 Persis
1069 1954 1102 2009 et
1124 1949 1237 2018 dieitur

146 2050 178 2111 in
209 2051 309 2112 altero
331 2048 479 2132 Aeschyli
511 2051 583 2110 loco
606 2048 652 2121 τίς
674 2039 713 2109 ἂν
735 2041 826 2108 πάλιν
849 2043 1042 2125 ἀγκαλέσαιτ’
1063 2045 1234 2126 &stasilum

146 2151 242 2213 Musis
272 2150 374 2215 omnis
408 2160 515 2215 cantus
538 2147 856 2232 peritissimisetiam
879 2147 1048 2210 incantatio
1070 2149 1151 2211 bene
1174 2152 1236 2212 tri-

145 2251 260 2314 buitur.
1266 2259 1269 2263 ’

233 2356 280 2416 Vs.
302 2355 355 2416 98.
398 2353 484 2415 Bene
510 2352 666 2415 Ameisius
696 2350 849 2412 orationis
881 2349 1021 2412 solorem
1043 2349 1235 2432 Sapphioum
1272 2377 1275 2381 ⁴

145 2455 276 2529 notavit,
305 2455 422 2531 collato
450 2455 522 2516 loco
553 2435 669 2534 Sapnh.
694 2453 744 2516 93.
776 2447 813 2513 οὐ
844 2447 905 2528 μὰν
927 2446 1137 2531 ἓκλελάθοντ,
1170 2448 1234 2515 ἀλλ’

145 2549 203 2617 οὐκ
224 2550 361 2618 ἐδύναντ
384 2553 558 2639 ἓφίκεσθαι.
680 2567 683 2573 ’

231 2659 276 2719 Vs.
298 2660 350 2719 99.
392 2656 497 2731 Quum
518 2649 555 2717 τὸ
578 2648 718 2738 σάμερον
739 2650 832 2733 vulgo
855 2652 896 2713 ad
916 2652 1081 2734 sequentia
1104 2660 1236 2716 tractum

143 2755 193 2830 sil,
215 2757 445 2822 Wakefieldius
470 2757 541 2820 eolo
563 2763 638 2838 post
649 2751 807 2840 Κυθέρεια
823 2752 973 2829 distinxit,
998 2754 1127 2816 Vossius
1141 2755 1235 2817 aliam

59 2849 65 2857 ’
142 2860 259 2922 rectius
281 2867 439 2923 commate
462 2858 596 2940 „iniiga
619 2857 701 2940 benite
724 2857 777 2921 ten
801 2854 908 2934 Θταα,
933 2872 949 2918 n
971 2854 1103 2937 wenilo,
1127 2855 1234 2938 iamne

89 3007 91 3010 ψ
145 2957 187 3024 bit
209 2959 349 3027 sstlttttt‘l
371 2960 448 3022 Nam
471 2954 508 3022 τὸ
532 2955 672 3045 σάμερον
693 2957 733 3019 ad
756 2961 1065 3042 utramquepartem
1088 2955 1232 3035 pertinet,

141 3059 222 3125 siout
243 3063 275 3125 in
297 3061 399 3125 ultimi
423 3082 532 3136 versus
555 3071 689 3142 utraque
713 3065 802 3141 parte
823 3051 916 3118 πάλιν
938 3057 1103 3135 repetitum
1127 3064 1181 3119 est.
