2768 4658
556 341 763 405 ..ρε-

115 504 195 588 iisd
218 510 353 594 φίλαμα,
382 503 419 570 τὸ
441 503 550 594 rodco
577 501 632 570 τὸν
650 501 788 570 ’Ἄδωνιν
815 501 1058 573 ἀποθνάοκοντα
1079 507 1212 590 φίλησον

117 620 181 674 tarn
203 618 312 694 aperte
332 617 476 690 spectant
496 608 590 691 hujus
613 607 760 672 carminis
782 609 888 671 locam
911 631 955 674 vs.
978 612 1018 675 45
1040 628 1147 692 seqq.,·
1176 616 1214 675 nt

116 714 274 796 ineptiora
295 714 402 776 visura
423 711 487 773 sint
506 712 706 792 (praesertim
721 718 852 791 propter
866 707 985 798 πρώαν,
1007 719 1041 774 ut
1058 709 1213 775 indicarit
1258 746 1262 751 ·

116 813 243 898 Manso)
265 814 324 879 nisi
345 806 498 884 Bioneum
520 821 614 900 esset.
653 813 820 875 Praeterea
846 811 879 874 in
905 811 1075 895 Epitaphio
1104 811 1213 875 Bionis

117 915 205 980 haud
226 934 345 994 paucae
374 913 457 977 aliae
485 913 580 996 hujus
611 912 756 976 carminis
785 912 975 976 imitationes
996 913 1030 976 in
1052 911 1158 976 verbis
1178 919 1212 975 et

118 1015 280 1080 sententiis
303 1014 597 1099 deprehenduntnr,
626 1032 761 1096 quarum
784 1032 867 1096 qnae
889 1013 1108 1096 apertissimae
1122 1019 1212 1087 sont,

118 1117 151 1179 in
171 1117 252 1179 Adn.
275 1115 347 1180 Crit.
368 1116 528 1179 indicabo.
577 1114 626 1176 Ad
657 1116 837 1178 universnm
863 1114 960 1198 hnjns
982 1115 1131 1179 carminis
1152 1133 1212 1177 ac-
1261 1117 1264 1122 '

120 1225 302 1300 gementum
322 1219 438 1292 refero,
461 1216 550 1300 quod
568 1214 717 1281 Moschus
738 1236 784 1278 vs.
806 1215 847 1278 85
869 1215 910 1280 do
931 1202 1029 1278 Bione
1051 1216 1214 1306 praedicat

119 1318 173 1383 sot
192 1313 291 1404 ἤρεθε
312 1314 371 1382 τὰν
386 1315 585 1406 Ἀφροδίταν
606 1319 625 1380 i.
649 1337 677 1380 ο.
729 1319 868 1380 Venerem
895 1315 937 1380 od
957 1316 1107 1406 planctum
1128 1323 1216 1382 θοοῦ·

119 1418 214 1500 rator,
247 1427 312 1484 tum
340 1441 385 1486 vs.
401 1422 476 1487 446
497 1416 569 1484 τεὸν
590 1410 678 1483 οἶτον
707 1413 882 1504 ὀδύρομαι,
912 1436 994 1500 qnae
1022 1421 1214 1500 interpretor

119 1532 169 1587 tun
190 1521 394 1586 lamentatione
416 1521 505 1607 ploro
535 1509 607 1584 ise,
629 1518 843 1585 lamentationis
865 1540 901 1583 co
920 1539 1050 1605 ponere,
1071 1523 1159 1603 cujac
1178 1529 1212 1583 ta

120 1624 285 1704 coemptam
306 1623 421 1700 dedisti,
439 1624 504 1687 vid.
526 1624 608 1687 Adn.
630 1621 704 1684 Crit.
727 1623 767 1684 ad
790 1642 835 1685 vs
857 1623 909 1687 37.
952 1622 1098 1685 Ceterum
1119 1621 1212 1685 vaide

120 1744 248 1799 vereor,
278 1727 318 1787 de
341 1742 403 1807 qna
425 1743 461 1785 re
482 1743 542 1787 suo
564 1725 637 1787 ioco
660 1724 848 1806 disputabo,
872 1743 913 1786 ne
936 1724 1005 1804 ipse
1021 1718 1212 1808 Ἐπιτάφιος

119 1826 235 1900 Βίωνος
256 1826 338 1888 inter
359 1823 509 1908 Moschea
533 1826 719 1887 subditicios
742 1826 792 1887 sit

204 1927 337 2007 Reliqua
369 1904 490 1989 Bionea
527 1924 661 2006 injuriae
692 1932 869 2006 temporum
900 1926 1082 2007 saper-stitia
1113 1927 1213 1991 multo

122 2027 224 2088 minus
246 2028 377 2089 affectus
398 2033 430 2089 ct
452 2027 567 2106 vigoris
588 2026 725 2104 habene
756 2033 895 2088 attamen
924 2028 992 2109 ejus
1018 2006 1214 2091 differentiis

123 2145 218 2190 cansa
241 2146 279 2188 ex
301 2128 371 2208 ipso
395 2128 544 2190 carminis
575 2134 779 2208 argumento,
812 2128 1011 2193 excitatiores
1041 2130 1214 2193 sententias

123 2235 154 2291 et
175 2229 272 2292 verba
295 2229 533 2312 quodammodo
564 2224 753 2293 obtrudente
786 2227 887 2309 repeti
914 2236 1027 2310 potest.
1079 2229 1215 2312 Egregie
1256 2276 1259 2281 -

123 2338 229 2393 antem
252 2349 379 2394 carmen
401 2335 549 2395 convenit
571 2327 711 2415 βουκόλῳ
732 2328 879 2416 ἐρωτικῷ,
909 2333 1071 2413 quomodo
1100 2332 1158 2394 Bio
1181 2331 1215 2394 in

122 2431 265 2494 Moschoi
299 2431 443 2495 carminis
476 2433 683 2514 inscriptione
706 2433 738 2493 in
761 2432 915 2494 librorum
932 2443 1022 2511 parte
1038 2433 1216 2515 appellatur
1316 2458 1319 2463 ·

124 2538 156 2592 et
184 2532 312 2612 qualem
344 2533 412 2611 ipse
438 2549 473 2592 se
507 2532 671 2612 descripsit
700 2533 736 2596 V.
758 2531 809 2593 vt.
859 2531 1036 2595 Dialectum
1067 2534 1214 2597 carminis

121 2629 264 2711 reliquae
286 2631 425 2695 Bioneac
446 2630 579 2693 similem
602 2650 671 2694 esse
693 2631 841 2711 deinceps
862 2631 1004 2707 docebo;
1027 2634 1054 2694 si
1077 2655 1139 2716 qna
1153 2654 1217 2717 pe·

123 2731 255 2794 cniiaria
276 2731 382 2806 habet,
405 2732 528 2794 Aeolidi
549 2734 748 2813 potissimum
770 2731 885 2808 debita,
915 2731 978 2794 hoc
1000 2752 1129 2817 qnoque
1151 2756 1215 2816 pe-

124 2832 235 2905 culiari
255 2833 400 2896 carminis
422 2840 553 2898 naturae
574 2835 778 2899 tribuendum
800 2854 871 2898 esse
888 2835 1061 2916 apparebit
1092 2835 1215 2898 Carmi-

123 2935 172 2999 nis
193 2935 355 3016 inscriptio
372 2931 561 3021 Ἐπιτάφιος
572 2922 762 3018 Ἀδώνιδος,
785 2945 819 2999 ut
840 2936 903 2999 hoc
926 2937 1050 3011 addam,
1074 2958 1137 3002 non
1153 2939 1215 3021 ipsi

122 3040 239 3117 pottae
271 3037 422 3113 debetur,
461 3053 520 3100 nec
546 3040 645 3120 magis
674 3037 829 3102 Moschoi*
845 3040 991 3101 carminis
1020 3040 1057 3118 (si
1086 3040 1216 3123 quidem

123 3136 245 3201 Moschi
268 3136 326 3222 est)
345 3133 533 3224 Ἐπιτάφιος
554 3140 686 3215 Βίωνος;
714 3139 775 3221 ipsi
805 3143 920 3219 poe'tae
948 3141 1054 3221 potius
1070 3136 1216 3226 ’θρήνους
1323 3168 1325 3172 ⁴

124 3239 349 3320 appellassent.
370 3241 511 3322 Apparet
525 3248 631 3303 antem
645 3260 685 3302 ox
700 3241 769 3321 ipsa
786 3239 867 3303 rituti
881 3239 1095 3318 similitudine,
1104 3262 1217 3323 gram·
1271 3279 1273 3282 ⁴

124 3339 267 3413 maticos‚
292 3340 345 3421 qni
360 3340 439 3402 haec
450 3343 591 3403 carmina
604 3342 840 3422 inscripserunt,
864 3360 975 3403 eornm
992 3344 1215 3424 cognationem

123 3459 270 3508 sensisse.
