2768 4658
585 342 794 406 ...70-

145 516 212 572 tunt
241 506 334 570 Gailii
364 506 467 571 codex
498 506 554 582 0.,
583 507 685 590 quie
713 509 932 598 abrupisse,
960 515 994 569 et
1014 507 1235 588 interpretatio

144 601 329 687 ὠνήσασθαι
340 603 530 672 ἀπελθώνίο
542 606 661 675 suboli.
675 596 715 675 Μ.
727 642 778 678 --Ι
790 607 914 672 Deinde
923 606 1095 670 infinitivus
1117 603 1236 693 μαραν-

143 711 220 791 arv,
243 729 336 792 quem
358 710 480 772 restitui
502 709 558 792 (de
580 710 681 772 forma
703 709 831 774 Aeolica
860 710 921 771 vid.
945 730 975 792 p.
997 709 1071 790 44),
1094 729 1152 792 pro
1180 711 1236 772 iu-

143 810 287 894 perative
310 805 504 897 popuebr'ruu
526 809 649 892 positus
671 817 735 884 eat,
763 810 803 875 cf.
833 809 942 874 naith.
971 812 1002 895 §-
1024 810 1095 874 546.
1138 810 1236 874 Cete-

143 930 216 975 rum
242 911 317 974 biuc
344 911 492 975 Moschus
520 912 572 987 ΙΙΙ,
600 912 651 976 32.
687 908 729 974 τὰ
756 911 784 973 δ’
811 905 914 973 duduc
942 906 1032 973 πάντ·
1059 907 1235 998 ἐμαράνθη,

145 1013 234 1096 cujus
267 1011 329 1075 loci
358 1012 538 1076 recordatio
576 1022 712 1094 praeter,
731 1014 900 1076 obscuram
926 1010 1069 1084 infinitivi
1098 1013 1235 1076 formam

146 1114 288 1176 affecisse
317 1113 456 1189 videtur,
488 1125 520 1176 ut
548 1112 666 1176 Bionis.
687 1113 784 1176 rerba
816 1122 1101 1195 corrumperentur.
1142 1114 1235 1195 Apud

145 1215 230 1278 bunc
250 1214 455 1284 indicativum
466 1209 630 1298 ἐμαράνθη
642 1215 771 1278 tolerari
783 1233 845 1276 non
859 1233 961 1295 posse,
985 1213 1079 1277 facite
1094 1223 1235 1296 apparet.

145 1317 194 1377 An
225 1315 390 1398 quisquam
419 1318 541 1386 credet,
575 1308 657 1379 scita
687 1323 719 1378 ct
745 1316 856 1391 flores,
886 1315 1000 1397 quibus
1026 1318 1236 1398 spargebatur

146 1415 284 1491 Adonis,
295 1415 362 1498 jam
384 1416 555 1492 flaccuissc,
578 1427 747 1501 antequam
762 1414 1008 1498 spargerentur?
1029 1452 1069 1497 ε
1092 1416 1235 1482 Ceterum

146 1516 293 1581 Moschus
326 1519 511 1580 seutentiam
539 1521 650 1600 potins
685 1518 747 1590 loci
776 1536 869 1601 quam
900 1519 996 1580 rerba
1021 1518 1162 1587 imitatus
1188 1526 1236 1581 est

147 1637 192 1679 vs.
214 1618 264 1682 34.
288 1613 392 1699 οὐκέτι
411 1615 471 1706 γὰρ
493 1621 544 1682 δεῖ
564 1623 608 1683 τῶ
639 1619 762 1699 μέλιτος
787 1622 831 1681 τῶ
862 1622 907 1688 oui
936 1615 1127 1695 τεθνακόυος
1156 1615 1235 1683 αὐτὰ

63 1763 65 1768 r
146 1719 333 1804 τρυγᾶσθαι.

229 1820 277 1881 De
303 1819 414 1902 spiritu
443 1838 558 1900 aspero
585 1823 721 1886 nominis
743 1818 894 1902 υιλδωνις,
931 1841 1025 1902 quem
1061 1823 1236 1884 secundum

148 1921 257 2001 optimi
279 1920 397 1983 codicis
420 1922 587 1985 lectionem
611 1919 703 1996 ὤλεθ’
725 1919 840 1998 ἅδωνις
862 1933 894 1985 et
919 1923 1026 1985 hicet
1051 1923 1083 1985 in
1112 1923 1236 2005 reliquo

148 2022 286 2084 carmine
306 2023 511 2097 restituimus,
533 2026 597 2086 vid.
618 2025 752 2086 Meinek.
775 2025 815 2087 ad
837 2023 905 2085 Del.
927 2023 1021 2084 Antb.
1044 2045 1074 2105 p.
1098 2026 1168 2091 160.

234 2125 281 2184 Vs.
305 2127 357 2185 79.
400 2124 471 2186 Vid.
493 2145 590 2205 supra
612 2146 640 2206 p.
665 2127 715 2190 40.

234 2226 281 2285 Vr.
302 2227 356 2287 81.
398 2225 518 2289 Mosen
540 2225 593 2301 bl,
616 2225 667 2291 68.
690 2225 813 2307 στυννοὶ
832 2225 906 2312 περὶ
926 2228 1014 2304 σᾶμα
1028 2223 1100 2288 τεὸν
1113 2227 1237 2289 κλαίου-

148 2338 197 2387 σιν
209 2318 359 2410 Ἔρωτες.

235 2428 282 2489 i'r.
302 2428 354 2489 83.
388 2428 554 2509 Vulgatam
578 2428 747 2491 lectionem
760 2430 935 2494 Meiuekius
955 2417 1010 2509 ἆνο
1031 2431 1063 2492 in
1086 2416 1143 2507 ἇξο
1161 2449 1238 2500 mu-,

148 2534 215 2589 tato
238 2526 278 2588 ad
302 2534 405 2608 aptam
428 2531 614 2591 sententiam
637 2541 852 2603 revocaverat,
875 2551 968 2611 quam
982 2532 1237 2594 emendationem

147 2629 295 2710 probavit
323 2628 500 2693 Lobeckius
534 2630 574 2689 ad
604 2629 717 2690 Buttm.
746 2630 882 2694 Gramm.
908 2632 936 2692 ΙΙ
974 2653 1004 2712 p.
1030 2632 1086 2704 98,
1117 2632 1239 2714 recepit

148 2730 313 2795 Ameisius.
364 2730 479 2793 Contra
507 2728 706 2792 Hermannus
734 2733 866 2792 Amores
897 2731 959 2794 tela
989 2733 1143 2795 Adonidis
1171 2753 1237 2796 non

148 2831 299 2914 frangere
319 2830 569 2906 affirmans,.sed
592 2831 629 2893 iis
652 2832 756 2894 cubile
779 2851 893 2895 ornare
914 2834 945 2893 iu
969 2853 1033 2916 quo
1056 2833 1109 2896 iile
1122 2835 1237 2917 Jaceat,

148 2934 305 2997 acclinata
328 2953 412 3013 arcu,
435 2933 582 3014 pharetra
604 2942 708 2994 autem
731 2953 893 3015 suspensa,
916 2936 1102 2998 etluntinae
1123 2936 1237 3018 spbal·

148 3043 233 3097 mata
260 3032 355 3098 eurr
383 3055 457 3098 usus
490 3033 637 3114 scripsit:
660 3028 696 3108 ὃς
729 3035 757 3096 δ’
785 3032 836 3098 ἐπὶ
862 3032 957 3113 τόξον
995 3035 1123 3117 ἔκλινεν,
1152 3031 1170 3100 ὃ
1206 3038 1236 3100 δ’

149 3124 300 3223 εὔπτερον
328 3121 407 3200 dura
432 3134 602 3222 φαρέτραν.
656 3137 832 3212 Sententia,
864 3157 957 3222 qnam
985 3139 1104 3211 effecit,
1134 3157 1238 3220 neque

50 3263 53 3268 ·
149 3258 206 3320 per
232 3259 267 3302 se
294 3237 470 3320 probabilis
500 3238 598 3306 rideri
625 3247 731 3318 potest
760 3248 791 3300 et
819 3240 921 3300 minus
951 3241 1042 3300 etiam
1069 3238 1238 3314 ridebitur,

148 3340 176 3400 si
196 3341 337 3404 Aetionis
359 3339 684 3422 picturaccnieratnr
694 3340 864 3401 Alexandri
887 3348 919 3403 et
939 3342 1095 3402 Roxanae.
1113 3343 1238 3422 nuptias

148 3450 406 3522 repraesentans,
432 3459 527 3523 qnam
555 3439 720 3520 descripsit
745 3442 903 3504 Lucienus
932 3441 1055 3508 Herodi
1079 3461 1106 3503 e.
1128 3445 1158 3506 5.
1200 3441 1237 3504 br

149 3549 188 3604 ee
210 3541 295 3604 enim
316 3542 508 3616 Alexandro,
529 3549 567 3603 ut
586 3541 672 3623 apud
692 3540 823 3616 Bionem
846 3542 995 3616 Adonidi,
1017 3545 1155 3605 Amores
1173 3542 1238 3606 mi·-
1317 3534 1321 3541 ’

148 3643 337 3718 nistrabant‚
367 3643 521 3726 equibus
545 3663 624 3705 unus
651 3641 735 3722 μάλα
761 3644 911 3718 δουλικῶς
937 3640 1071 3729 ἀφαιρεῖ
1097 3641 1139 3707 ud
1166 3661 1239 3707 ocu-

148 3739 257 3807 δάλιον
278 3741 312 3806 ἐκ
331 3747 390 3806 roi
411 3741 512 3818 ποδός
534 3739 576 3817 ὡς
597 3746 812 3824 κατακλίνοιτο
827 3741 902 3824 ἤδη.
934 3746 993 3814 Atii
1015 3764 1091 3807 vero
1104 3749 1238 3821 Amores

147 3845 310 3920 παίζουσιν
331 3842 458 3919 ἐντοῖς
490 3840 602 3920 ὅπλοις
627 3850 684 3910 τοῦ
721 3842 947 3932 Ἀλεξάνδρου,
977 3867 1114 3928 qnorum
1143 3847 1237 3908 iudos

147 3945 303 4008 Lucienus
327 3945 521 4027 lepidissime
541 3947 701 4012 describit.
743 3951 901 4030 Apparet,
922 3956 1038 4026 quanta
1061 3946 1237 4010 similitudo

146 4047 321 4129 intercedat
350 4048 437 4112 inter
452 4047 549 4111 nune
575 4049 682 4112 Rionis
712 4051 818 4113 locum
845 4056 878 4110 et
902 4047 1045 4111 Aetionis
1073 4046 1236 4131 picturam,
