2768 4658
205 511 335 586 cantori,
359 509 408 573 vel
430 509 573 589 quisquis
595 509 751 571 Venerem
779 509 969 591 alloquitur,
1002 511 1186 575 lamentanti
1208 513 1298 575 aeci-

204 633 280 676 nere
302 612 456 673 dicuntur.
480 612 518 673 At
540 610 640 690 prima
651 611 704 675 illa
716 631 855 692 persona
867 606 966 687 αἰάζω
978 613 1108 674 omnino
1128 631 1298 693 aconsue-

204 715 314 787 tudine
337 712 580 795 ephymniorum
603 712 706 774 aliena
728 721 788 790 est3
812 712 1085 794 frequentissimus
1108 717 1309 790 contraitur.

203 815 337 898 perativi
360 835 433 876 usus
446 815 545 896 isque,
570 820 706 894 utsupra
720 813 872 894 exemplis
884 814 1180 890 demonstravimus,
1203 815 1298 878 etiam

204 935 319 990 eorum,
338 917 623 997 verborum,qnae
647 915 733 976 varia
756 903 878 996 genera
896 915 1043 986 clamoris
1066 915 1214 978 indicant.
1258 917 1298 978 Et

201 1018 423 1101 imperativum
445 1017 636 1080 desideravit
658 1016 751 1077 etiam
776 1016 920 1090 Vossius,
952 1024 985 1077 ut
1013 1024 1149 1096 apparet
1169 1037 1207 1079 ex
1228 1017 1297 1099 ejus

202 1119 461 1200 interpretatione
496 1109 622 1199 ,Alope
654 1117 785 1198 defertu,
808 1135 859 1182 um
882 1117 1032 1182 ⁵tlbotritfl
1078 1119 1194 1200 ltaque.
1209 1117 1296 1183 nulla

201 1224 269 1284 iere
292 1221 468 1283 mutatione
489 1218 611 1281 restitui
642 1216 724 1294 οἴαξ
748 1204 772 1279 ci
795 1212 851 1278 τὸν
872 1214 1023 1294 Ἄδωνιν,
1051 1226 1084 1281 ut
1112 1219 1161 1283 his
1190 1219 1296 1300 ephy-

202 1324 294 1385 mniis
325 1323 431 1384 Venus
469 1322 510 1384 ad
533 1318 768 1385 lamentandum
798 1319 951 1381 excitetur
972 1328 1004 1382 et
1025 1319 1124 1401 hujus,
1149 1321 1295 1399 lamentis

201 1428 334 1495 Amores
362 1424 545 1485 acclament.
594 1422 725 1482 Eadem.
744 1421 876 1481 mutatio
908 1421 939 1481 in
966 1442 1011 1484 vs.
1034 1424 1076 1486 67
1105 1422 1293 1496 necessaria,

201 1545 296 1606 quaem
320 1523 512 1607 prohpmnio
540 1522 734 1605 respondere
766 1539 839 1582 mox
861 1522 1055 1585 docebimus.
1098 1522 1293 1585 Simillimum

200 1626 310 1687 vitium
340 1626 425 1706 apud
452 1625 645 1705 Aeschylum
675 1622 815 1704 Choeph.
846 1623 917 1688 930.
948 1623 1105 1685 Seidlerus
1134 1624 1174 1686 de
1202 1625 1292 1690 Vers.

150 1740 151 1743 ’
200 1728 327 1789 dochm.
355 1747 384 1807 p.
407 1727 459 1797 89.
489 1727 613 1789 sustulit
639 1720 856 1801 ἐπολολυξύτω
884 1725 916 1786 in
946 1720 1143 1804 ἐπολολύξατ’
1171 1712 1201 1789 ὦ)
1217 1746 1293 1809 rnu-

201 1830 310 1891 tando.
352 1828 458 1909 lpsum
481 1846 554 1890 vero
578 1814 602 1890 ὦ
625 1823 680 1888 τὸν
695 1821 834 1889 Ἄδωνιν
856 1834 958 1888 exstat
979 1827 1011 1886 in
1035 1826 1181 1900 frustula
1205 1828 1292 1910 quod

199 1936 284 1990 reete
307 1929 470 2010 sappnon
493 1927 588 1992 uihui
611 1928 734 1992 videtur
756 1927 793 1988 n.
818 1929 876 2005 aa,
905 1937 935 1990 et
964 1913 988 1990 ὦ
1011 1923 1067 1991 τὸν
1082 1923 1238 1992 ’Δούλου
1259 1927 1310 1989 n·

199 2031 263 2094 alio
286 2030 380 2092 simili
402 2032 441 2094 fr.
454 2031 523 2096 108.
566 2030 662 2092 Malui
684 2037 791 2093 autem
811 2029 843 2090 in
866 2029 915 2090 his
938 2014 962 2091 oi
985 2031 1234 2112 scriherequam
1256 2026 1291 2106 d,

200 2132 363 2214 quomodo
388 2133 587 2195 Hermannus
610 2131 695 2212 apud
716 2130 904 2214 Aeschylum
926 2131 1033 2204 edidit,
1058 2152 1155 2212 quum
1177 2134 1293 2196 vocula

198 2233 305 2315 potius
325 2228 453 2311 κλητικύ
476 2234 518 2294 sit
539 2253 634 2315 quam
657 2227 894 2310 opertoriorum..
922 2232 981 2293 lllo
1005 2232 1088 2311 enirn
1109 2252 1203 2296 sensu
1227 2255 1295 2305 non

118 2336 122 2348 '
199 2335 300 2397 minus
332 2342 417 2396 recte
448 2354 519 2396 curn
541 2334 739 2415 imperativis
758 2353 852 2416 quam
876 2352 946 2395 cum
970 2334 1120 2395 vocativis
1138 2336 1291 2417 jungitur,

199 2445 233 2498 ut
255 2437 422 2500 accedente
445 2436 588 2498 vocativo
611 2436 708 2517 Soph.
732 2437 778 2518 Aj.
801 2438 851 2501 91.
875 2420 899 2496 ὦ
920 2430 1002 2515 χαῖρ’
1020 2429 1160 2517 ἸἈθύνα,
1184 2439 1220 2499 cl.
1242 2438 1290 2500 El.

198 2539 270 2602 656.
291 2537 402 2600 Aesch.
426 2539 480 2618 Ag.
503 2538 554 2600 22.
577 2537 685 2618 Suppl.
708 2538 779 2601 586.
803 2535 924 2600 Gallim.
947 2537 1021 2598 Lav.
1044 2537 1119 2600 Pall.
1144 2539 1209 2615 13,
1233 2539 1291 2600 sed

200 2639 293 2701 etiam
320 2640 388 2701 sine
416 2640 559 2701 vocativo
586 2640 693 2719 Eurip.
723 2639 772 2698 Tr.
799 2638 870 2701 335.
901 2628 1029 2718 βούοαύ
1062 2625 1095 2700 εὖ
1117 2635 1174 2703 τὸν
1191 2637 1291 2718 Ὑμέ-

193 2746 287 2803 ναιον
309 2727 343 2815 ὦ,
368 2739 465 2820 Soph.
489 2740 537 2822 Aj.
551 2741 623 2804 371.
646 2726 670 2802 ὦ
692 2735 774 2825 πρὸς
794 2739 879 2801 θεῶν
899 2734 1016 2812 duciae,
1040 2739 1117 2805 Oed.
1139 2744 1174 2804 ll.
1199 2742 1290 2807 1037.

199 2829 223 2905 oi
253 2837 461 2927 undedecim,
495 2837 575 2927 πρὸς
605 2837 723 2927 μητρὸς
752 2835 771 2920 ἢ
801 2836 940 2926 πατρός;
973 2838 1113 2928 φράσον,
1137 2843 1176 2906 cf.
1198 2843 1290 2906 Arist.

196 2945 280 3005 Eccl.
303 2945 375 3008 970.
398 2939 435 3005 σὺ
458 2941 493 3005 δέ
514 2964 568 3021 μοι
590 2943 740 3027 φίλτατον
762 2930 788 3009 d
807 2941 934 3009 ἱκετεύω
956 2940 1090 3025 ἄνοιξον,
1115 2946 1167 3008 ubi
1190 2946 1291 3010 miuus

196 3052 282 3109 reete
305 3038 329 3106 d
352 3045 481 3115 editum.
523 3046 558 3106 ln
587 3046 724 3115 dictione
750 3046 908 3127 Sapphica
941 3034 965 3109 ὦ
994 3044 1050 3109 τὸν
1070 3042 1292 3129 ”Aduvcvag-

197 3167 297 3211 nosco
321 3146 454 3230 eaodem
477 3145 611 3226 ellipsin,
634 3146 674 3207 dc
698 3165 760 3230 qua
782 3167 878 3228 supra
899 3149 931 3208 in
947 3143 1292 3230 mespmnio‘lprivcov

197 3248 356 3320 admonui,
378 3268 419 3311 sc.
441 3242 543 3332 ᾄδετε,
576 3243 698 3323 ciuitate
720 3249 770 3310 vel
791 3249 894 3310 simile
918 3247 1002 3330 quid.
1038 3249 1084 3308 lta
1106 3233 1132 3309 d
1154 3249 1292 3331 elliptice

198 3349 270 3412 siue·
299 3351 443 3412 vocativo
477 3350 725 3429 etrimperativo
759 3348 877 3410 dictum
910 3348 944 3409 in
972 3350 1129 3412 cantilena
1157 3352 1291 3414 Locrica

196 3451 308 3519 Athen.
331 3453 399 3528 XV,
429 3454 501 3517 697.
523 3452 557 3511 Β.
580 3437 604 3510 ὦ
626 3449 657 3512 τί
677 3443 806 3523 namen
828 3450 846 3511 i.
868 3469 893 3510 e.
917 3435 941 3510 ὦ
964 3450 1032 3533 φίλε
1053 3448 1135 3531 λέγε,
1163 3452 1195 3512 τί
1222 3448 1290 3514 πύ-

195 3566 293 3629 <tatus

279 3641 398 3719 Haeret
418 3660 523 3717 autem
539 3646 609 3712 'alia
630 3652 766 3713 offensio
782 3652 815 3712 iu
837 3653 992 3715 librorum
1008 3654 1150 3723 ¹lectione
1172 3652 1289 3719 ἐπαιά-

194 3759 308 3831 ζονσιν.
357 3756 507 3817 Praesens
534 3752 717 3815 historicum
746 3755 881 3834 probum
912 3764 959 3818 est
988 3776 1033 3817 vs.
1056 3756 1105 3822 28.
1130 3766 1202 3838 post
1223 3761 1289 3821 Ve-

193 3857 279 3921 ueris
292 3857 462 3938 ,planctum
484 3854 683 3934 descriptum,
708 3855 891 3935 pracsertim
915 3862 1084 3938 postquam
1102 3857 1132 3917 in
1146 3858 1291 3937 proxime

194 3956 454 4029 antecedentibus
476 3957 653 4036 praeseutia
669 3977 728 4036 pro
745 3957 936 4039 imperfectis
947 3957 1150 4020 restituimus.
1175 3957 1290 4024 Contra

193 4058 227 4121 in
244 4060 349 4134 vstil,
372 4057 426 4120 ubi
448 4065 523 4139 post
544 4057 694 4123 aoristum
717 4042 770 4122 ὧδ’
783 4053 964 4142 ὀλοφύρατο
984 4053 1104 4144 Κύπρις
1118 4060 1184 4141 jam
1202 4062 1289 4124 ller-
