2768 4658
634 347 843 409 ...62-

261 576 264 580 ⁸
282 509 413 572 Versum
444 510 486 574 38
507 510 705 571 Hermannus
732 517 806 570 aute
827 529 871 571 vs.
896 509 935 572 37
958 508 1157 586 collocavit‚.
1176 505 1283 569 uthic

148 655 149 659 ,
200 628 257 689 pru
290 609 467 672 intercalari
501 620 592 685 esset,
627 611 659 670 in
690 611 746 671 illo
768 612 863 672 verba
881 605 965 683 Ἀχώ
985 603 1202 691 δ’ἀντεβόασεν
1223 625 1282 687 pru

199 710 390 789 parenthesi.
454 711 515 786 Qui
549 710 685 774 sensisse
715 711 852 784 videtur,
894 705 1169 791 quam-ineptum·
1187 715 1282 788 esset,

201 812 288 889 qu'od
309 810 396 873 Echo
419 812 533 873 Veneri
556 819 603 872 tot
623 814 722 874 verba
741 828 892 873 resonare
913 810 1048 890 lingitur.
1097 812 1186 872 Nunc
1206 827 1283 872 vero

200 911 293 971 etiam
309 911 467 992 ineptius,
498 912 524 972 si
547 911 634 973 Echo
647 941 649 946 ⁸
664 913 821 974 lusciniae
842 912 1014 990 lugubriter
1036 911 1172 976 cantanti
1192 906 1284 972 ἀντι-

200 1013 313 1091 βοῆσαι
335 1012 465 1073 dicatur.
506 1012 608 1086 Quum
632 1031 708 1075 vero
730 1031 840 1074 versus
861 1013 894 1073 in
916 1013 1037 1094 optimo
1059 1013 1170 1074 codice
1191 1015 1242 1078 23.
1264 1021 1284 1073 a

200 1131 248 1191 pr.
270 1113 513 1174 manumissus
536 1114 584 1185 sit,
607 1121 739 1193 apparet
758 1114 979 1194 interpolatim
1002 1114 1095 1176 valde
1116 1115 1200 1176 enim
1223 1114 1284 1174 de-

201 1189 398 1290 liciabantur
423 1214 616 1276 recentiores
640 1213 782 1275 Graeculi
812 1214 934 1276 lusibus·
955 1215 995 1276 alr
1017 1215 1146 1277 Echoua
1167 1214 1284 1295 petitis.

204 1366 209 1381 ,
287 1317 332 1377 Vr.
355 1318 406 1376 39.
452 1314 604 1375 Particula
632 1308 673 1376 iia
701 1317 874 1377 sententiae
903 1315 964 1376 vim
996 1317 1086 1394 perdi
1120 1321 1285 1378 senserunt

199 1414 386 1494 interpretes
408 1415 519 1494 politici
537 1417 684 1478 Ecbanas
707 1416 834 1489 Bessus,
858 1417 911 1496 qni
936 1418 1025 1496 »quis
1047 1436 1192 1497 magnum
1215 1416 1285 1476 Vc·-

201 1515 287 1576 neris
314 1533 377 1574 nun
406 1515 584 1594 deploravit
612 1519 791 1578 amorerat«
824 1523 865 1577 et.
886 1517 1017 1579 Vossius
1052 1536 1095 1582 ro
1120 1531 1184 1582 'tort
1209 1517 1286 1598 uiuit

203 1617 307 1679 tstirttt
322 1613 399 1695 liti«
445 1615 549 1677 Sensit
572 1618 665 1678 etiam
688 1616 898 1690 Hermonem,
918 1619 972 1679 sed
997 1638 1107 1698 parum
1129 1617 1286 1698 probabi-

201 1716 272 1777 liter
294 1715 418 1794 scripsit
437 1715 484 1788 τίς
506 1711 563 1776 οὐκ
585 1716 655 1779 αἰαῖ
675 1712 869 1779 dricturam.
901 1719 978 1779 Nam
1000 1738 1056 1780 cur
1076 1717 1155 1779 elui
1168 1719 1201 1778 in
1222 1718 1285 1779 fine

202 1817 377 1878 sententiaa
407 1815 544 1893 positum
573 1819 711 1880 tolerare
744 1818 839 1894 nolit,
881 1820 940 1881 vin¹
962 1819 1153 1898 intelligitur.
1195 1818 1286 1880 Adeo

202 1916 439 1997 transponendo
470 1917 588 1991 effecit,
624 1926 657 1980 ut
687 1917 759 1981 αἰαῖ
785 1914 1042 2004 οαιακΚύπρνδας
1070 1915 1158 1982 αἰνὸν
1184 1917 1286 2004 ἔρωτα

199 2019 290 2100 jungi
313 2024 457 2097 nequeat,
480 2036 562 2099 quae
585 2020 681 2080 verbe
703 2038 768 2080 nou
784 2021 885 2081 minus
899 2021 1174 2082 arctecchaerent
1190 2039 1286 2102 quam

203 2118 273 2180 αἰαῖ
292 2112 351 2180 τάν
371 2117 549 2204 Κυθέρῃαν.
591 2120 693 2195 Quum
723 2140 798 2182 vero
828 2114 868 2183 ilc
893 2123 925 2182 in
954 2121 1083 2201 optimis
1112 2122 1200 2182 libris
1222 2139 1286 2182 nuu

203 2223 325 2300 legatur
353 2229 385 2281 et
410 2229 520 2301 aperte
549 2241 658 2283 versus
688 2222 835 2303 explendi
865 2240 961 2284 censa
990 2221 1141 2297 additum
1158 2223 1216 2293 sit,
1235 2221 1287 2281 <in

202 2318 348 2383 ἔκλαυσεν
379 2321 518 2382 intellexi
547 2322 708 2383 Aeolicam
745 2322 883 2383 formam
914 2318 1034 2384 ὲκλάῐεν
1062 2324 1121 2393 ,ναί
1149 2316 1288 2384 saluisse

203 2424 311 2495 latere,
335 2421 491 2502 virlsnpr.
513 2424 605 2502 pst,
626 2431 658 2484 et
678 2422 897 2503 imperfectum
918 2423 1091 2486 sententiae
1113 2424 1205 2485 etiam
1228 2441 1287 2484 ac-

204 2511 435 2585 commodatius
458 2543 553 2604 quam
574 2523 718 2585 aoristus.
741 2556 779 2566 -
801 2524 889 2584 ldern
912 2524 1110 2587 Hermannus
1133 2532 1288 2586 commate

187 2613 235 2684 in
257 2625 279 2685 l.
301 2647 329 2687 ν.
352 2624 456 2702 posito
486 2633 597 2703 postea
619 2619 715 2698 πάχεα
744 2624 869 2704 scripsit
896 2614 955 2705 pro
984 2620 1117 2704 πάχεας,
1144 2630 1287 2704 apertum

196 2726 316 2787 ‘vitium
340 2725 517 2787 correxisse
545 2725 606 2787 sibi
638 2724 743 2801 visus·
786 2725 857 2799 Quo
886 2725 969 2790 lacto
998 2727 1173 2788 sententiae
1206 2725 1289 2787 melo

204 2825 369 2889 consuluit.
421 2827 499 2889 Nam
518 2834 591 2888 >non
621 2826 921 2909 sotum-asyndeton
943 2826 1074 2890 allectus
1095 2826 1219 2907 plenius
1241 2835 1290 2898 est

204 2935 236 2990 ct
257 2927 320 2989 hoc
340 2930 410 3005 ipsu
434 2927 507 2989 loco
529 2927 683 3007 peculiari
702 2927 809 2990 Bionis
839 2928 980 2991 instituto
1003 2927 1204 3002 conveniens,
1227 2926 1290 2989 rid.

204 3050 235 3110 ps
256 3023 314 3104 47,
335 3029 396 3090 ‚sed
428 3030 531 3092 effecit
552 3028 633 3091 adeo
656 3029 869 3102 Hermannus,
901 3027 1229 3110 imprudensopinur,
1244 3035 1291 3090 -nt

203 3130 308 3194 ilicet
329 3125 436 3208 ἐνόησα
458 3133 564 3210 potius
587 3131 628 3191 ad
651 3129 974 3192 lacrimantemilluru
985 3129 1180 3210 pertinerent
1195 3147 1290 3208 quam

205 3233 246 3295 ad
268 3232 436 3293 Venerem.
463 3232 488 3293 A
511 3226 629 3306 πάχαας
651 3231 818 3312 apodusin·
831 3230 972 3311 incipere
992 3225 1175 3308 intelligitur
1196 3229 1290 3290 etiam

205 3354 223 3393 e
242 3333 420 3396 mutatione
442 3341 620 3415 temporum
643 3332 739 3407 verbi,
768 3352 865 3415 quum
881 3330 1027 3396 acristus·
1044 3329 1126 3403 ἴδεν,
1139 3323 1289 3407 ..ἐνόησας

204 3434 257 3496 ἴδε
282 3434 347 3515 jam
374 3433 592 3515 imperfectum
618 3428 933 3519 arripere-..cruminis
958 3430 1140 3512 .C0nspirat'
1156 3429 1293 3491 imitatio

206 3535 310 3606 Nonni
332 3535 425 3600 Dian.
447 3535 594 3610 tta-'165
623 3536 656 3602 iu
685 3535 758 3599 locu
774 3587 776 3591 .
791 3535 989 3618 delirigcnc
1011 3542 1132 3614 patrem
1154 3532 1290 3609 occisum

207 3657 264 3717 per
290 3656 435 3700 sumnum
465 3638 605 3719 vidente,
640 3637 698 3698 nisi
731 3639 817 3717 quod
846 3636 897 3698 hic
925 3636 1085 3716 apoduein
1114 3632 1291 3718 praemisit:

206 3733 379 3823 παρθενικὴ
402 3733 558 3814 &illlata
579 3734 784 3824 φιλοθρήνοις
806 3736 838 3799 ἐν
858 3733 1008 3820 ὀνείροις,
1038 3734 1080 3810 ὡς
1105 3735 1174 3798 ἴδεν
1202 3732 1292 3795 ἕλκεα

206 3835 304 3926 λυγρὰ
323 3835 495 3922 καρήατος,
517 3837 561 3914 ὡς
579 3835 736 3918 luctanti
757 3832 972 3923 tutemus.
995 3841 1021 3901 t.
1072 3866 1076 3873 ·
1150 3868 1161 3891 ε·
1247 3884 1249 3889 -

293 3944 338 4003 Vc.
360 3945 415 4004 45.
459 3941 538 4004 llinc
566 3938 1059 4012 Pseudo-Theocritusrxlllll,
1089 3938 1129 4000 45
1158 3934 1293 4014 arripuit

207 4039 244 4116 ct
267 4029 335 4105 δἀὗ
358 4037 501 4121 πύματόν
522 4063 559 4121 με
583 4044 723 4127 φίλασον.
766 4042 905 4123 Utroque
916 4041 988 4102 loco
1001 4037 1157 4099 Ameisius
1169 4038 1294 4117 scripsit
