2768 4658
641 309 849 377 »82«-

197 473 359 557 quoddam
379 440 555 538 carminum
577 475 618 536 ad
640 473 787 539 Cererem
809 470 921 541 ἰούλοιν
944 493 1058 537 οοιοεο
1082 476 1212 555 accepit,
1245 477 1288 540 ab

195 575 358 640 Athenaeo
386 576 476 652 XIV,
504 574 623 640 6188
652 583 795 640 servatus
825 581 983 643 πλεῖοτον,
1000 563 1093 657 οὖλον
1122 563 1218 641 οὖλον
1237 576 1288 660 ἵει,

194 677 302 763 ἴουλον
318 676 377 751 ἵει,
409 678 450 741 ab
479 676 645 741 Eustathio
677 687 707 758 p.
731 679 813 745 1162
841 675 1084 765 ἐπιφώνημα
1106 675 1289 757 ,ἐμμελές

196 779 319 864 dicitur,
342 799 436 861 quem
457 779 606 861 singulas
617 779 765 860 strophae
788 780 938 845 clausisse
960 801 1025 846 nou
1041 781 1213 847 obsomum
1229 787 1287 850 est.

270 893 491 998 Rapetltorum
514 922 620 979 autem
642 917 693 981 vel
713 918 959 1000 ephymniorum
972 914 1023 982 vel
1036 898 1285 1013 epiplitliegrna

71 1065 78 1082 .
196 1020 329 1082 ticorum
362 1019 396 1080 in
426 1020 517 1100 podsi
550 1017 648 1100 lyrica
684 1038 768 1082 nunc
803 1020 884 1083 haec
913 1017 1110 1102 potissimum
1140 1007 1286 1097 exempla

194 1115 411 1202 reperiuntur·
427 1119 523 1183 Arist
545 1119 601 1183 An·
618 1121 696 1185 1731
720 1142 810 1204 seqq
828 1107 980 1200 ‘'Tprlu
955 1143 979 1183 ω
997 1106 1182 1198 Υμέναι’
1158 1141 1192 1200 ω,
1214 1119 1285 1181 Ροο.

198 1222 282 1287 1334
290 1241 378 1304 seqq.
397 1217 477 1282 Υ
440 1240 500 1300 μην
517 1207 688 1301 Ὑμέναι’
667 1241 688 1284 α
712 1223 800 1297 his,
791 1243 822 1285 ιο
837 1221 950 1287 Catulli
967 1240 1041 1286 vero
1056 1219 1289 1310 imitationibus

195 1316 685 1407 Gradeorum·'epithalamiorum
708 1323 808 1387 Germ.
831 1322 913 1386 Llll.
943 1345 961 1387 c
983 1326 1147 1408 Hymenaee
1167 1322 1286 1406 Hymen,

193 1408 307 1507 llpmeu
326 1445 343 1488 ο
365 1422 532 1506 Hymenaee
555 1433 585 1488 et
604 1425 636 1488 in
659 1425 760 1488 altera
782 1433 872 1507 parte
892 1431 921 1488 to
937 1428 1047 1511 llpmeu
1058 1425 1226 1506 Hymenaee
1245 1431 1284 1500 io,

194 1532 223 1589 ta
246 1522 359 1608 Hymen
374 1530 548 1608 Hymenaee,
571 1526 663 1588 Lllll.
683 1530 795 1613 Hymen
816 1532 1013 1610 ellpmeunee
1033 1531 1153 1609 Idymem
1173 1524 1246 1589 odes
1267 1542 1286 1586 o

192 1626 369 1712 Hymenaeum
393 1628 490 1692 Arist.
520 1629 598 1691 Rau.
621 1629 692 1694 402.
715 1629 744 1693 8.
769 1630 818 1695 13.
843 1624 949 1704 Ἴακχε
971 1623 1188 1714 φιλοχορευτὰ,
1210 1641 1285 1704 συμ-

194 1725 368 1816 πρόπεμπὲΙ
381 1750 434 1811 με,
466 1730 551 1793 Ecol.
573 1729 645 1795 958.
669 1731 719 1795 66.
751 1729 862 1813 uadis,
889 1731 1034 1811 ἱκνοῦμαι
1054 1726 1209 1816 affinem,
1230 1726 1286 1790 καὶ

164 1818 325 1911 ’ποίησον
353 1824 438 1910 τήνδ’
466 1828 497 1906 ἐς
529 1824 619 1909 odedu
646 1827 703 1910 τὴν
729 1828 804 1912 ἐμήν
824 1830 959 1915 ἱκέσθαι,
990 1835 1072 1900 Ι971.Ι
1096 1834 1124 1897 4.
1148 1827 1283 1908 ἄνοιξον,

194 1929 336 2010 ἀσπάζου
359 1952 408 2011 με·
431 1928 486 1996 διά
506 1950 557 1995 τοι
572 1928 606 1995 οὲ
621 1928 738 2009 πόνους
754 1932 826 2011 ἔχοη
849 1936 959 2000 AesclJ.
975 1938 1032 2018 Ag.
1046 1933 1283 2000 117.131.148.

193 2037 299 2097 Herm.
324 2034 442 2098 αὶλιυον
464 2036 582 2098 αἰλινου
597 2033 671 2117 εἰπέ,
693 2032 730 2098 τὸ
746 2025 811 2100 δέὗ
825 2033 948 2118 νικάτω,
969 2035 1112 2119 Choeph.
1124 2038 1196 2101 955.
1210 2034 1283 2124 966.

192 2132 283 2222 πάρα
304 2132 341 2200 τὸ
371 2126 419 2221 φῖ
423 2158 438 2211 ς
467 2135 564 2216 ἰδεῖν,
591 2136 678 2200 Ευιο.
702 2139 798 2204 loto:
816 2139 862 2205 19.
891 2134 1060 2224 εὐφαμεῖτε
1089 2135 1125 2200 δὲ
1150 2138 1284 2221 χωρῖται

192 2238 387 2325 (πανδαμεί),
400 2239 490 2304 1023.
505 2239 553 2302 27.
569 2233 738 2320 ὀλολύξατε
752 2242 807 2305 νῦν
821 2239 872 2305 ἐπὶ
886 2238 1295 2321 μολπαῖς,9εεο.665.672.,
1313 2278 1327 2317 ι,

193 2334 297 2428 βάσκε·
309 2336 409 2427 πάτερ
432 2336 528 2404 ἄκακε
550 2339 697 2430 Δαρειάν,
720 2335 759 2425 οἶ,
810 2345 899 2407 Adde
922 2365 939 2407 e
960 2341 1128 2423 Pervigilio
1149 2338 1285 2402 Veneris

192 2447 315 2521 uersum
338 2443 579 2505 intercalarem:
605 2464 674 2507 crue
696 2453 773 2507 umet
792 2452 841 2530 qut
861 2464 1005 2531 uunquam
1026 2449 1144 2539 amauit,
1179 2444 1285 2527 quique

192 2551 297 2608 amauit
324 2544 392 2605 crus
409 2551 509 2604 'umet
575 2544 737 2606 Postremo
768 2544 831 2606 huc
870 2547 1007 2626 pertinet
1038 2542 1184 2625 Aeschyli
1215 2552 1286 2606 mos

61 2671 66 2679 “
191 2647 284 2709 ctiam
305 2642 442 2725 plurium
467 2660 611 2705 versuum
638 2642 835 2726 complexum
859 2636 1206 2725 exeuntibusstr'ophis
1228 2662 1282 2704 re·
1378 2685 1380 2694 .

190 2744 329 2831 petendi,
345 2752 379 2807 ut
391 2742 499 2829 Suppl.
512 2746 582 2810 104.
594 2746 780 2812 112.-124.
798 2748 984 2812 tea-144.
1003 2743 1281 2816 157.-854.864.,

192 2849 275 2932 Sept.
298 2848 370 2912 954.
393 2848 464 2912 970.
488 2841 528 2894 ’-
550 2843 606 2930 Ag.
630 2847 852 2928 14571481,
875 2850 965 2912 Eum.
988 2850 1058 2915 376.
1080 2847 1152 2913 346.
1197 2844 1284 2907 Haeo

191 2968 320 3034 quoque
342 2949 373 3008 in
397 2940 514 3010 Scholl.
538 2949 576 3011 ad
589 2950 673 3032 Sept.
689 2952 760 3016 954.
783 2954 853 3018 970.
877 2948 1010 3038 ἐφύμνια
1033 2950 1187 3021 dicuntur,
1208 2947 1284 3009 item

191 3053 232 3115 ad
253 3052 344 3112 Eum.
367 3050 438 3122 326,
460 3049 514 3111 ubi
536 3051 661 3115 additur
683 3054 858 3135 appellatio
883 3060 960 3116 mira
981 3047 1194 3137 μεσόφθεγμο.
1212 3050 1283 3110 Ἀο-

190 3152 290 3239 schyli
321 3151 490 3235 ephymnia
518 3148 663 3217 simulet
694 3156 997 3238 magniloquentiam
1030 3151 1162 3215 irridens
1184 3150 1282 3211 Euri-

190 3256 279 3337 pides
301 3250 550 3334 Aristophaneus
572 3256 648 3318 llam
673 3256 756 3322 1288
777 3256 920 3320 versibus
942 3252 1125 3359 Aes'chpleis
1147 3250 1283 3334 primum

189 3350 337 3434 ἰήκοπον
344 3348 385 3414 od
404 3351 553 3430 πελάθεις
575 3354 623 3418 ἐπ’
644 3353 769 3447 ἀρωγάν
790 3358 943 3432 adnectit,
978 3363 1042 3418 tum
1054 3349 1111 3417 τό
1141 3357 1283 3440 φλαττο-

189 3449 406 3543 θρατυὸφλατ,
430 3462 566 3538 qnorum
587 3457 645 3520 illo
668 3459 874 3523 aSoholiaste
896 3459 937 3520 ad
959 3478 1003 3520 vs.
1028 3458 1109 3522 1300
1131 3450 1282 3539 tanquam

191 3556 363 3642 ephymu'io
387 3556 432 3619 uti
456 3557 576 3675 dicitur
641 3550 647 3575 ²
955 3572 960 3585 ·“

273 3682 415 3795 Apparet
435 3670 541 3778 autem
564 3734 657 3777 omne
678 3735 778 3796 genus
801 3716 1044 3798 ephymniorum
1067 3735 1104 3779 ex
1119 3716 1284 3779 acclama-

190 3814 332 3887 tionibus
352 3815 414 3881 illis
437 3824 541 3879 ortum
563 3817 673 3893 videri,
698 3836 779 3898 quae
801 3827 874 3898 post
895 3819 985 3882 dicta.
1000 3817 1122 3888 factave
1136 3835 1226 3880 sacra
1241 3818 1281 3878 ab

191 3915 337 4006 universa
360 3920 573 3997 praesentium
596 3918 793 3982 multitudine
815 3920 892 3983 addi
918 3919 1067 3981 solebant
1094 3926 1125 3995 et
1153 3916 1284 4002 ἐπιφθέ-

189 4036 302 4099 quoru,
329 4014 562 4104 ἐπιφωνήματα,
585 4017 796 4109 ἐπιρρήματα
818 4018 1048 4103 ἐπευφημιομοὶ
1074 4020 1286 4104 appellantur«
