2768 4658
451 420 457 433 ,
591 386 797 454 ..74-

147 528 258 616 λάοιον
285 547 360 638 ἄχρι
388 555 458 632 νῦν,
482 548 684 632 ώςἝλληνες
704 550 761 617 τὸν
778 551 958 636 Ὑμέναιον,
989 550 1142 639 ἐπᾴδουσι
1158 550 1241 646 ‘Pae

149 660 240 733 μαῖαι
261 660 331 728 τοῖς
351 649 469 733 γάμοις.
523 655 643 717 Vuenla
665 655 718 718 καὶ
745 674 791 720 vs.
813 658 870 731 02,
907 674 989 739 quas
1012 658 1166 739 quosdam
1188 657 1246 746 atq

148 755 262 827 tendit,
294 756 326 815 in
357 753 534 838 hyperbato
565 756 669 836 posita
699 765 745 818 est
770 777 830 838 pro
860 755 999 820 ἐπαείδει
1019 756 1165 820 natantes
1184 752 1242 820 τὸν

60 854 61 858 ’
140 852 286 919 Ἄδωνιν.

233 957 379 1020 Ceterum
400 955 457 1017 llio
481 955 544 1017 hoo
565 955 638 1019 loeo
649 957 854 1038 Sapphonam
869 959 1010 1022 ⁴imitatus
1026 978 1095 1022 esse
1107 961 1241 1026 videtur.

149 1059 268 1121 Plotius
297 1059 382 1119 enim
410 1076 443 1138 p.
465 1056 538 1120 266.
559 1057 743 1137 Hymenaioi
767 1060 893 1122 dimetri
922 1060 1069 1144 dactylici
1092 1061 1242 1143 Sappbinl

150 1160 230 1222 baec
257 1159 322 1221 duo
353 1158 499 1237 exempla
528 1157 798 1223 atiert'eontinua
820 1162 902 1224 serie
924 1161 1039 1242 scripta
1063 1161 1178 1243 Sappb.
1201 1160 1241 1224 tr.

153 1261 223 1322 107.
248 1258 325 1324 108.
358 1259 456 1341 Bglr.:
478 1254 588 1337 Ὕμεν
614 1256 774 1338 ‘ludousa
810 1270 842 1323 et
868 1249 893 1324 ὦ
921 1257 978 1325 τὸν
998 1258 1154 1326 Ἀδάνιον
1183 1263 1241 1342 (ita
1281 1288 1286 1293 ·

151 1359 303 1441 Ilergkius
336 1367 368 1422 et
399 1359 659 1424 Schneidewinus
681 1361 796 1424 foedas
815 1357 1011 1445 corruptelas
1034 1364 1243 1446 probabiliter

152 1461 384 1542 emendarunt).
434 1461 540 1524 Facile
574 1464 667 1525 nobis
703 1465 943 1544 persuademus,
983 1465 1040 1527 illa
1068 1484 1132 1528 non
1164 1480 1240 1528 casa

138 1563 318 1645 'eonjunota
341 1562 412 1641 legi,
435 1563 490 1625 sed
513 1564 546 1624 in
568 1565 638 1645 ipso
651 1564 797 1646 Sapphus
821 1565 961 1628 earmina
970 1563 1187 1648 Hymenaeum
1210 1573 1243 1628 u

151 1663 282 1725 Adonin
299 1665 412 1726 endem
434 1663 531 1725 modo
554 1666 740 1747 conjunctus
762 1666 870 1740 fuisse,
892 1685 987 1748 quem
1005 1667 1070 1728 Bio-
1086 1668 1148 1731 deo
1170 1668 1242 1750 Hy-

152 1783 284 1826 menaeo
307 1766 443 1828 cantanti
467 1765 583 1826 tribuit.

235 1865 453 1948 Hymenaeum
485 1886 580 1948 supra
611 1857 746 1928 diximus
778 1867 840 1928 boo
864 1869 945 1932 'loeo
975 1870 1103 1951 eboregi
1136 1878 1242 1951 partes

152 1982 255 2046 agere.
297 1968 342 2029 lta
365 1968 450 2048 apud
472 1967 653 2048 Euripidem
675 1967 744 2049 lpb.
765 1969 801 2030 A.
816 1969 905 2034 1036.
926 1969 982 2031 τίν’
1004 1965 1057 2056 ἄρ’
1074 1967 1243 2049 Ὑμέναιος

153 2062 207 2128 διά
232 2070 332 2130 λωτοῦ
361 2069 473 2149 Λίβυος
503 2065 580 2146 μετά
609 2088 642 2131 τε
671 2065 842 2155 φιλοχόρου
872 2064 1009 2154 κιθάρας
1039 2072 1185 2153 συρίγγων
1206 2069 1241 2134 θ’

152 2164 213 2234 bnt
236 2172 456 2247 anteposueris
484 2167 613 2233 ἔστασεν
633 2166 765 2252 ἰακχάν,
798 2165 845 2233 ὅτ’
866 2165 928 2233 ἀνά
949 2169 1062 2250 Πήλιον
1083 2169 1117 2232 αἱ
1136 2175 1241 2234 καλλι-

152 2266 309 2349 πλόκαμοι
320 2271 462 2357 Πιερίδες
483 2269 515 2334 ἓν
537 2271 623 2335 δαιτὶ
643 2273 728 2335 θεῶν
747 2268 1019 2358 χρυσεοσάνδαλον
1039 2272 1125 2348 ἴχνος
1147 2269 1180 2335 ἐν
1199 2275 1241 2357 γᾷ

152 2367 325 2458 κρούουσαι
352 2371 476 2452 Πηλέως
503 2371 547 2447 εἰς
574 2370 674 2453 γάμον
700 2361 812 2455 ἦλθον,
845 2374 1008 2456 quomodo
1031 2375 1137 2438 lorum
1159 2374 1243 2436 seri-

152 2475 289 2537 bendum
312 2494 383 2538 osse
406 2475 502 2555 (vulg.
524 2475 571 2549 τίς
593 2469 644 2560 ἄρ’
665 2471 717 2554 dp.
740 2483 772 2536 et
799 2472 948 2554 ἔστασαν)
971 2474 1188 2539 Marklandius
1209 2483 1242 2537 et

152 2575 349 2654 Musgravius
361 2576 592 2639 intellexerunt.
606 2576 745 2659 Utroque
761 2575 834 2637 luco
843 2576 1044 2658 Hymenaeus
1056 2576 1243 2660 στησίχορος

153 2684 200 2737 est
221 2675 381 2738 Musarum
405 2678 537 2738 chorum
554 2678 693 2754 duoeus3
715 2675 772 2737 Bio
788 2677 957 2739 commode
972 2675 1097 2742 Gratias
1109 2677 1242 2741 addidit

239 2781 283 2841 Vs.
312 2783 364 2842 93.
407 2777 469 2841 Cur
495 2777 687 2853 Meinakius,
725 2777 899 2850 draeisma,
936 2776 1134 2842 Hermaunus
1168 2797 1240 2841 oum

153 2877 308 2941 Vrrloanio
344 2874 400 2942 τὸν
427 2875 565 2964 Κινύρου
600 2900 658 2962 pro
689 2883 735 2942 τῶ
763 2881 798 2942 K
829 2877 998 2953 ediderint,
1030 2879 1239 2944 sufficientem

152 2997 277 3043 oausam
301 3001 365 3042 non
387 2981 491 3054 rideo,
515 2981 554 3045 ct.
576 2982 690 3044 aneis.
714 2981 754 3044 de
777 2981 863 3043 artic.
886 2999 936 3061 ap.
957 2981 1118 3063 bucol-p.
1139 2984 1192 3046 ³5.

170 3142 171 3145 ,
240 3085 285 3144 Vs.
308 3085 361 3148 95.
404 3081 601 3144 Hermannus
628 3089 733 3164 spreta
760 3082 900 3144 Piarsoni
930 3081 1149 3145 emendatione
1171 3079 1244 3146 αἰαῖ

154 3200 220 3262 pro·
236 3177 337 3255 αὐταὶ,
367 3203 448 3266 quae
470 3183 679 3246 Valckenario
701 3185 815 3248 merito
838 3184 1017 3264 placuerat,
1046 3200 1065 3245 a
1086 3183 1241 3248 Mansone

155 3285 204 3344 ed.
230 3284 268 3346 11.
301 3293 439 3366 recepta,
468 3305 486 3347 a
515 3284 641 3348 Grattio
666 3287 812 3366 probata,
844 3290 954 3346 eontra
982 3303 1042 3365 pro
1070 3283 1154 3366 vulg.
1181 3281 1242 3363 0ξο

152 3381 269 3463 λέγοντι
291 3387 461 3449 audaciore
485 3387 656 3449 mutatione
678 3387 803 3467 scripsit
824 3380 975 3462 ὀξάτονάν
993 3405 1034 3458 τι,
1055 3386 1152 3448 orado
1168 3387 1242 3468 quia

153 3487 193 3548 de
221 3488 426 3569 sequentibus
455 3509 566 3570 parum
597 3496 680 3551 reeta
699 3487 905 3570 judicaverat.
947 3485 1136 3568 Quanquam
1157 3486 1242 3549 enim

153 3587 210 3650 illa
232 3589 326 3652 lectio
350 3588 494 3672 Calliergi
517 3590 646 3671 ingenio
669 3589 777 3653 deberi
800 3588 941 3664 videtur,
969 3589 1113 3670 pronime
1135 3595 1242 3650 tanam

156 3689 245 3753 abest
267 3711 285 3753 a
309 3692 453 3753 codicum
477 3692 665 3755 lectionibus
688 3692 852 3770 corruptis,
877 3689 1050 3752 sententiaa
1069 3689 1240 3770 aptissima.

153 3790 232 3854 Nam
255 3801 287 3854 et
308 3789 384 3871 ὀξὺς
406 3794 592 3873 de'lugubri
616 3793 842 3854 lamentatione
865 3791 1113 3862 usitatissimum,
1136 3797 1168 3850 et
1188 3786 1243 3851 tt-

151 3910 222 3973 χιιν,
244 3892 351 3976 εἰπεῖν,
373 3891 471 3978 φάναι
486 3890 537 3957 de
560 3894 811 3975 epiphonematis
833 3894 1081 3974 frequentantur,
1111 3888 1174 3950 vid.
1196 3909 1243 3952 rs.

152 3994 247 4058 atet
270 3997 464 4077 exemplap.
487 3997 529 4061 35
551 3996 664 4069 allata,
691 4004 857 4076 praeterea
878 3992 969 4054 Iliun.
989 3992 1058 4054 Par.
1082 3991 1152 4055 704.
1172 3979 1245 4054 οὗοῖ
1272 4021 1275 4025 ·
1311 3998 1313 4002 ’

151 4091 249 4172 Βάκχε
271 4095 417 4176 λέγοντες.
446 4098 596 4161 -ldinirna
613 4110 691 4160 raro
714 4097 912 4161 Burmannus
935 4101 967 4157 et
987 4092 1102 4176 reliqui
1124 4091 1243 4175 absur-
