2768 4658
689 319 893 384 ..64-

334 486 379 546 Vs.
401 485 453 547 55.
496 483 543 544 De
565 483 793 546 emendationis
814 492 968 573 καταρρεῖ
989 493 1118 549 auctore
1151 488 1212 549 vid.
1236 509 1265 569 p.
1293 491 1334 552 23

249 581 464 664 Conjecturam
488 581 520 658 ἐς
550 581 585 646 σὲ
614 583 667 645 καὶ
687 579 818 664 Ἅιδην,
848 607 929 670 qnae
957 587 1102 650 Vulcauii
1130 588 1334 661 existimatur,

245 682 312 763 jam
335 685 373 749 H.
396 685 571 766 Stephanus
594 687 851 749 commemoravit
880 689 911 771 iu
941 690 1030 751 Notts
1052 691 1092 751 ad
1124 689 1174 750 ed.
1201 690 1275 770 maj.
1303 709 1333 769 p.

248 788 302 848 LII
324 795 354 848 et
369 795 447 848 'aute
469 787 906 867 Stephanum'expresserunt
926 791 1199 871 interpretationes
1210 789 1332 850 Eobaui

248 887 340 950 Hessi
365 895 413 948 ¹»te
436 906 571 970 namque
594 896 745 970 tuumque
768 891 911 952 maritum
935 891 1330 973 omniapulchrapetunt«

248 997 279 1050 et
290 988 455 1049 Winsemii
470 988 528 1049 »ad
540 995 570 1049 te
583 995 613 1050 et
624 987 785 1050 Plutonem
796 991 1002 1053 devolvitur«
1030 993 1064 1071 ln
1078 993 1172 1055 Varia
1183 991 1332 1053 Lectione

249 1089 438 1150 editionibus
469 1089 561 1151 Brub.
584 1088 604 1150 l.
625 1089 662 1154 ll.
689 1090 762 1172 th
794 1092 901 1153 addita
929 1092 1040 1173 legitur
1061 1115 1090 1158 v.
1114 1093 1134 1152 l.
1167 1087 1244 1173 »pro
1271 1087 1333 1177 ἄρη

247 1186 328 1269 albu«
353 1190 433 1270 (sic),
467 1190 632 1272 Xplandro
655 1209 731 1252 rero
755 1197 833 1253 teste
856 1189 930 1276 ᾅδῃ
959 1191 1039 1266 τινὲς
1066 1188 1332 1272 ἀναγινώσκουσιν.

332 1294 378 1352 Vs.
402 1297 454 1353 57.
488 1293 548 1351 Pro
570 1288 790 1374 dbtpoilebpm,
814 1314 913 1374 quam·
929 1294 1096 1356 lectionem
1108 1293 1227 1354 idoneo
1239 1311 1333 1354 seusu

247 1392 355 1454 carere
374 1393 439 1479 jam
463 1392 516 1453 alii
539 1401 717 1466 senserant,
733 1402 831 1456 ‘recte
853 1388 1007 1456 Ameisius
1036 1395 1185 1475 optimam
1209 1393 1332 1472 Bergkii

143 1513 148 1522 ·
247 1495 459 1576 conjecturam
483 1489 654 1576 σεσόβημαι
676 1495 838 1570 asciverat,
860 1513 953 1576 quam
965 1496 1162 1557 Hermannus
1185 1514 1248 1555 non
1271 1495 1332 1555 de-

245 1596 341 1657 behat
363 1615 511 1675 spernere
566 1597 612 1656 De
635 1600 740 1677 σοβεῖν
761 1594 792 1656 iu
822 1597 925 1658 uotius
955 1595 1083 1658 verbum
1114 1599 1225 1680 φοβεῖν
1255 1615 1332 1657 cor·-

168 1756 170 1759 ,
245 1706 339 1778 rupto
363 1696 426 1756 dixi
449 1698 481 1756 in
503 1696 615 1758 Philol.
639 1699 692 1758 Vll
716 1719 743 1778 p.
767 1698 839 1762 427.
883 1698 972 1758 Adde
1002 1692 1087 1779 quod
1117 1697 1200 1776 apud
1222 1697 1331 1758 Theo-

246 1799 356 1861 critum
374 1796 411 1870 ll,
436 1799 494 1862 137
516 1797 651 1859 lacobsii
674 1799 852 1860 emendatio
875 1793 999 1880 doddno'
1022 1793 1229 1881 prospdpno'
1250 1817 1331 1858 con-

245 1903 386 1962 firmatur
414 1901 519 1979 glossa
549 1901 616 1961 Vat.
645 1902 673 1962 2.
705 1895 854 1984 ἐτάραξε,
884 1901 922 1961 cf.
949 1899 1085 1979 Hesych.
1116 1896 1333 1980 ὲκοισοβη-

246 2000 370 2081 μένοι,
393 1999 655 2083 ἐκτεταρανμὲνοι,
678 2000 888 2062 deindealiud
903 2001 1141 2080 permutationis
1153 2002 1331 2081 exemplum
1367 2050 1369 2055 s

245 2105 395 2165 Thesaur.
419 2123 443 2164 s.
465 2123 494 2163 v.
517 2099 659 2184 ἐκσοβὲιο.

330 2206 377 2265 Vs.
400 2206 452 2264 58.
485 2205 593 2284 Aeque
615 2202 763 2264 Moschus
784 2202 836 2278 lll,
849 2202 898 2265 52.
923 2196 1060 2263 Riouem‘
1075 2202 1331 2263 mortuumallo-

246 2306 350 2386 quitur
372 2286 607 2386 οἷ’τριπόθητε,
630 2304 669 2366 cf.
692 2303 805 2385 Hyrnn.
827 2304 859 2365 in
881 2303 964 2364 Attin
987 2321 1037 2381 ap.
1060 2302 1330 2364 Schneidewinum

245 2407 278 2466 in
302 2404 413 2469 Philol.
435 2404 476 2464 lll
499 2424 529 2485 p.
552 2405 622 2470 217.
637 2399 730 2467 ''Anm
752 2401 786 2466 οὲ
807 2407 937 2466 καλοῦσι
959 2401 1013 2481 μὲν
1036 2400 1202 2487 Ἀσσύριοι
1227 2403 1332 2487 round

244 2508 344 2584 θητον
358 2501 494 2566 ’Ἄδωνιν
516 2512 547 2565 et
567 2507 701 2567 Theocr.
725 2507 794 2580 XV,
816 2505 864 2569 86.
888 2502 906 2567 ὁ
928 2506 1110 2590 τριφίλητος
1124 2501 1267 2577 Ἄδωνις.

330 2608 376 2669 Vs.
399 2611 452 2668 59.
495 2607 598 2667 Verba
616 2599 703 2667 κενοὶ
716 2602 870 2691 Ἔρωτες,
900 2624 982 2686 quae
1010 2605 1105 2686 vulgo
1136 2604 1332 2687 interpretati

244 2715 316 2770 suut
335 2714 458 2783 inanes,
478 2714 576 2783 vacui,
599 2711 842 2782 succidaneos,
864 2707 894 2767 in
924 2705 1152 2770 dubitationem
1180 2713 1333 2770 vocarunt

244 2809 469 2872 Valckenarius
496 2817 528 2872 et
546 2809 819 2872 -Wordsworthius
848 2808 889 2870 ad
916 2800 1051 2894 Theocr,
1080 2830 1108 2890 p.
1139 2810 1199 2874 102
1227 2807 1332 2889 pravis

245 2910 433 2992 conjecturis
468 2910 609 2989 prolatis.
662 2910 839 2972 Loheclrius
876 2929 952 2972 vero
992 2911 1032 2971 ad
1055 2909 1168 2991 ,Soph
1195 2909 1242 2990 Aj.
1269 2907 1332 2974 987

245 3009 495 3074 Amores'orlos
521 3011 673 3073 intellexit
701 3007 818 3073 collato
847 3008 1014 3092 Sophoclis
1041 3010 1130 3086 loco,
1161 3010 1215 3071 uhi
1243 3011 1332 3087 κενῆς
1372 3040 1374 3045 >

244 3108 378 3191 σκύμνον
398 3114 533 3191 λεαίνης;
555 3113 728 3191 probarunt
750 3114 947 3174 Hermannus
970 3113 1008 3172 ad
1032 3111 1134 3192 Ajacis
1165 3111 1268 3171 locum
1299 3117 1333 3173 et

158 3218 162 3228 “
244 3213 409 3290 Ameisius,
433 3232 535 3296 neque
557 3213 648 3275 aliter
670 3233 731 3274 vox
754 3223 883 3297 accepta
905 3214 938 3275 in
960 3210 1174 3274 ThesaurolV
1196 3211 1330 3291 p.1t33.

207 3395 211 3401 .
243 3317 388 3376 Attamen
412 3316 495 3394 apud
518 3314 707 3395 Sophoclem
728 3313 835 3379 λέαινα
866 3311 941 3391 κινή
966 3319 1031 3374 non
1059 3321 1105 3375 est
1133 3313 1243 3386 vidua,
1274 3312 1331 3373 sed

244 3412 359 3502 ἐρήμη,
382 3435 463 3497 quae
492 3435 586 3478 voces
613 3434 708 3496 saepe
738 3434 949 3499 synonymae,
976 3414 997 3475 i.
1024 3433 1052 3475 e.
1080 3414 1184 3475 mariti
1214 3410 1331 3474 auxilio

245 3517 406 3590 destituta,
427 3508 531 3599 neque
553 3517 664 3592 video,
697 3536 760 3600 quo
787 3518 860 3599 jure
889 3519 1022 3578 Amores
1051 3514 1203 3576 Adonidis
1229 3520 1331 3574 morte

246 3618 405 3700 praesidio
429 3620 567 3681 destituti
599 3619 660 3680 dici
688 3621 857 3698 potuerint.
907 3619 1093 3699 Quanquam
1125 3616 1211 3690 orbi,
1241 3616 1331 3697 quasi

244 3721 514 3781 adolescentulum
527 3722 704 3782 Adonidem
729 3740 787 3800 pro
800 3728 890 3800 patre
909 3719 1101 3789 habuissent,
1124 3718 1218 3778 etiam
1231 3715 1331 3775 miuus

244 3827 318 3900 apte
341 3820 527 3884 dicerentur.
575 3810 672 3883 Multo
696 3821 810 3881 rectius
833 3821 954 3900 priores
976 3821 1173 3899 interpretes,
1196 3833 1331 3896 quorum

245 3929 380 3984 montem
411 3924 671 4006 Lougopetraous
698 3920 882 4003 paraphrasi
913 3921 1031 3982 Gallica
1061 3914 1330 3996 magisaperuit:

248 4023 311 4085 »les
334 4025 466 4086 Arnours
490 4031 662 4103 rcrioupant
689 4025 706 4086 a
731 4025 814 4084 leurs
837 4022 955 4083 douces
984 4021 1163 4092 corltumes,
1194 4017 1331 4091 inutiles,
